
@article{koutsouleris2013accelerated,
  title={Accelerated brain aging in schizophrenia and beyond: a neuroanatomical marker of psychiatric disorders},
  author={Koutsouleris, Nikolaos and Davatzikos, Christos and Borgwardt, Stefan and Gaser, Christian and Bottlender, Ronald and Frodl, Thomas and Falkai, Peter and Riecher-R{\"o}ssler, Anita and M{\"o}ller, Hans-J{\"u}rgen and Reiser, Maximilian and others},
  journal={Schizophrenia bulletin},
  pages={sbt142},
  year={2013},
  publisher={MPRC}
}

@article{ziegler2014individualized,
  title={Individualized Gaussian process-based prediction and detection of local and global gray matter abnormalities in elderly subjects},
  author={Ziegler, Gabriel and Ridgway, Gerard R and Dahnke, Robert and Gaser, Christian and Alzheimer's Disease Neuroimaging Initiative and others},
  journal={NeuroImage},
  volume={97},
  pages={333--348},
  year={2014},
  publisher={Elsevier}
}

@article{arbabshirani2017single,
  title={Single subject prediction of brain disorders in neuroimaging: Promises and pitfalls},
  author={Arbabshirani, Mohammad R and Plis, Sergey and Sui, Jing and Calhoun, Vince D},
  journal={NeuroImage},
  volume={145},
  pages={137--165},
  year={2017},
  publisher={Elsevier}
}

@article{woo2017building,
  title={Building better biomarkers: brain models in translational neuroimaging},
  author={Woo, Choong-Wan and Chang, Luke J and Lindquist, Martin A and Wager, Tor D},
  journal={Nature Neuroscience},
  volume={20},
  number={3},
  pages={365--377},
  year={2017},
  publisher={Nature Research}
}

@article{ioannidis2008most,
  title={Why most discovered true associations are inflated},
  author={Ioannidis, John PA},
  journal={Epidemiology},
  volume={19},
  number={5},
  pages={640--648},
  year={2008},
  publisher={LWW}
}

@article{carp2012secret,
  title={The secret lives of experiments: methods reporting in the fMRI literature},
  author={Carp, Joshua},
  journal={Neuroimage},
  volume={63},
  number={1},
  pages={289--300},
  year={2012},
  publisher={Elsevier}
}

@Article{saeb2017,
  Title                    = {The need to approximate the use-case in
clinical machine learning},
  Author                   = {Saeb, Sohrab and Lonini, Luca and
	    Jayaraman, Arun and Mohr, David andKording, Konrad P.},
  Journal                  = {GigaScience},
  Year                     = {2017},
  Pages                    = {in press},
}

@Article{little2017,
  Title                    = {Using and understanding cross-validation
strategies. Perspectives on {Saeb} et al.},
  Author                   = {Little, Max A. and Varoquaux, Gael and
	    Saeb, Sohrab and Lonini, Luca and
	    Jayaraman, Arun and Mohr, David and Kording, Konrad P.},
  Journal                  = {GigaScience},
  Year                     = {2017},
  Pages                    = {in press},
}

@article{skocik2016tried,
  title={I tried a bunch of things: the dangers of unexpected overfitting in classification},
  author={Skocik, Michael and Collins, John and Callahan-Flintoft, Chloe and Bowman, Howard and Wyble, Brad},
  journal={bioRxiv},
  pages={078816},
  year={2016},
  publisher={Cold Spring Harbor Labs Journals}
}

@article{brown2016machine,
  title={Machine Learning on Human Connectome Data from MRI},
  author={Brown, Colin J and Hamarneh, Ghassan},
  journal={arXiv:1611.08699},
  year={2016}
}

@article{vul2009puzzlingly,
  title={Puzzlingly high correlations in fMRI studies of emotion, personality, and social cognition},
  author={Vul, Edward and Harris, Christine and Winkielman, Piotr and Pashler, Harold},
  journal={Perspectives on psychological science},
  volume={4},
  pages={274},
  year={2009},
}

@article{rosenthal1979file,
  title={The file drawer problem and tolerance for null results.},
  author={Rosenthal, Robert},
  journal={Psychological bulletin},
  volume={86},
  pages={638},
  year={1979},
  publisher={American Psychological Association}
}

@article{simmons2011false,
  title={False-positive psychology: Undisclosed flexibility in data collection and analysis allows presenting anything as significant},
  author={Simmons, Joseph P and Nelson, Leif D and Simonsohn, Uri},
  journal={Psychological science},
  volume={22},
  pages={1359},
  year={2011},
}

@article{poldrack2016scanning,
  title={Scanning the Horizon: Future challenges for neuroimaging research},
  author={Poldrack, Russell and Baker, Chris I and Durnez, Joke and Gorgolewski, Krzysztof and Matthews, Paul M and Munafo, Marcus and Nichols, Thomas and Poline, Jean-Baptiste and Vul, Edward and Yarkoni, Tal},
  journal={Nature Reviews Neuroscience},
  pages={115},
  volume={18},
  year={2017},
}

@article{ioannidis2005most,
  title={Why most published research findings are false},
  author={Ioannidis, John PA},
  journal={PLos med},
  volume={2},
  number={8},
  pages={e124},
  year={2005},
  publisher={Public Library of Science}
}

@Article{gorgolewski2011,
  Title                    = {Nipype: a flexible, lightweight and extensible neuroimaging data processing framework in python.},
  Author                   = {Gorgolewski, Krzysztof and Burns, Christopher D. and Madison, Cindee and Clark, Dav and Halchenko, Yaroslav O. and Waskom, Michael L. and Ghosh, Satrajit S.},
  Journal                  = {Front Neuroinform},
  Year                     = {2011},
  Pages                    = {13},
  Volume                   = {5},
}


@inproceedings{kohavi1995study,
  title={A study of cross-validation and bootstrap for accuracy estimation and model selection},
  author={Kohavi, Ron},
  booktitle={{IJCAI}},
  volume={14},
  pages={1137},
  year={1995}
}

@article{platt1999probabilistic,
  title={Probabilistic outputs for support vector machines and comparisons to regularized likelihood methods},
  author={Platt, John},
  journal={Advances in large margin classifiers},
  volume={10},
  pages={61},
  year={1999},
}

@book{giraud2014introduction,
  title={Introduction to high-dimensional statistics},
  author={Giraud, Christophe},
  volume={138},
  year={2014},
  publisher={CRC Press}
}

@article{yahata7small,
  title={A small number of abnormal brain connections predicts adult autism spectrum disorder},
  author={Yahata, Noriaki and Morimoto, Jun and Hashimoto, Ryuichiro and Lisi, Giuseppe and Shibata, Kazuhisa and Kawakubo, Yuki and Kuwabara, Hitoshi and Kuroda, Miho and Yamada, Takashi and Megumi, Fukuda and others},
  journal={NATURE},
  volume={7},
  number={11254},
  pages={1}
}

@article{yarkoni2016choosing,
  title={Choosing prediction over explanation in psychology: Lessons from
machine learning},
  author={Yarkoni, Tal and Westfall, Jacob},
  year={2016},
  volume={preprint},
  journal={figshare},
}

@article{gramfort2014mne,
  title={{MNE} software for processing {MEG} and {EEG} data},
  author={Gramfort, Alexandre and Luessi, Martin and Larson, Eric and Engemann, Denis A and Strohmeier, Daniel and Brodbeck, Christian and Parkkonen, Lauri and H{\"a}m{\"a}l{\"a}inen, Matti S},
  journal={Neuroimage},
  volume={86},
  pages={446--460},
  year={2014},
  publisher={Elsevier}
}

@article{gramfort2013meg,
  title={{MEG} and {EEG} data analysis with {MNE-Python}},
  author={Gramfort, Alexandre and Luessi, Martin and Larson, Eric and Engemann, Denis A and Strohmeier, Daniel and Brodbeck, Christian and Goj, Roman and Jas, Mainak and Brooks, Teon and Parkkonen, Lauri and others},
  year={2013},
  publisher={Frontiers Media SA}
}

@article{larson2013adding,
  title={Adding dynamics to the Human Connectome Project with {MEG}},
  author={Larson-Prior, Linda J and Oostenveld, Robert and Della Penna, Stefania and Michalareas, G and Prior, F and Babajani-Feremi, Abbas and Schoffelen, J-M and Marzetti, Laura and de Pasquale, Francesco and Di Pompeo, F and others},
  journal={Neuroimage},
  volume={80},
  pages={190--201},
  year={2013},
  publisher={Elsevier}
}

@article{sitt2014large,
  title={Large scale screening of neural signatures of consciousness in patients in a vegetative or minimally conscious state},
  author={Sitt, Jacobo Diego and King, Jean-Remi and El Karoui, Imen and Rohaut, Benjamin and Faugeras, Frederic and Gramfort, Alexandre and Cohen, Laurent and Sigman, Mariano and Dehaene, Stanislas and Naccache, Lionel},
  journal={Brain},
  volume={137},
  number={8},
  pages={2258--2270},
  year={2014},
  publisher={Oxford Univ Press}
}

@article{moussallam2014blind,
  title={Blind Denoising with Random Greedy Pursuits},
  author={Moussallam, Manuel and Gramfort, Alexandre and Daudet, Laurent and Richard, Guilhem},
  journal={Signal Processing Letters, IEEE},
  volume={21},
  pages={1341},
  year={2014},
}

@article{henson2002face,
  title={Face repetition effects in implicit and explicit memory tests as measured by {fMRI}},
  author={Henson, RNA and Shallice, T and Gorno-Tempini, ML and Dolan, RJ},
  journal={Cerebral Cortex},
  volume={12},
  pages={178},
  year={2002},
}

@article{knops2009recruitment,
  title={Recruitment of an area involved in eye movements during mental arithmetic},
  author={Knops, Andr{\'e} and Thirion, Bertrand and Hubbard, Edward M and Michel, Vincent and Dehaene, Stanislas},
  journal={Science},
  volume={324},
  pages={1583},
  year={2009},
}

@article{hoyos2015,
  title={Improving sparse recovery on structured images with bagged clustering},
  author={Hoyos-Idrobo, Andr{\'e}s and Schwartz, Yannick and Varoquaux, Ga{\"e}l and Thirion, Bertrand},
  journal={PRNI},
  year={2015}
}

@inproceedings{silva2014tenth,
  title={The tenth annual MLSP competition: schizophrenia classification challenge},
  author={Silva, Rogers F and Castro, Eduardo and Gupta, Cota Navin and Cetin, Mustafa and Arbabshirani, Mohammad and Potluru, Vamsi K and Plis, Sergey M and Calhoun, Vince D},
  booktitle={Machine Learning for Signal Processing (MLSP), 2014 IEEE International Workshop on},
  pages={1--6},
  year={2014},
  organization={IEEE}
}

@article{pereira2009machine,
  title={Machine learning classifiers and {fMRI}: a tutorial overview},
  author={Pereira, Francisco and Mitchell, Tom and Botvinick, Matthew},
  journal={Neuroimage},
  volume={45},
  pages={S199},
  year={2009},
}

@article{haynes2015primer,
  title={A Primer on Pattern-Based Approaches to {fMRI}: Principles, Pitfalls, and Perspectives},
  author={Haynes, John-Dylan},
  journal={Neuron},
  volume={87},
  pages={257},
  year={2015},
}

@article{abraham2017deriving,
  title={Deriving reproducible biomarkers from multi-site resting-state data: An Autism-based example},
  author={Abraham, Alexandre and Milham, Michael P and Di Martino, Adriana and Craddock, R Cameron and Samaras, Dimitris and Thirion, Bertrand and Varoquaux, Ga{\"e}l},
  journal={NeuroImage},
  volume={147},
  pages={736--745},
  year={2017},
  publisher={Elsevier}
}

@incollection{abraham2013,
  title={Extracting brain regions from rest {fMRI} with Total-Variation constrained dictionary learning},
  author={Abraham, Alexandre and Dohmatob, Elvis and Thirion, Bertrand and Samaras, Dimitris and Varoquaux, Gael},
  booktitle={MICCAI},
  pages={607},
  year={2013},
}

@article{abraham2014,
  title={Machine learning for neuroimaging with scikit-learn},
  author={Abraham, Alexandre and Pedregosa, Fabian and Eickenberg, Michael and Gervais, Philippe and Mueller, Andreas and Kossaifi, Jean and Gramfort, Alexandre and Thirion, Bertrand and Varoquaux, Ga{\"e}l},
  journal={Frontiers in neuroinformatics},
  volume={8},
  year={2014},
}

@article{abraham2014region,
  title={Region segmentation for sparse decompositions: better brain parcella-
	  tions from rest fMRI},
  author={Abraham, Alexandre and Dohmatob, Elvis and Thirion, Bertrand and
	  Samaras, Dimitris and Varoquaux, Ga{\"e}l},
  journal={Frontiers in neuroinformatics},
  volume={8},
  year={2014},
}

@Article{	  achard2006,
  author	= {Achard, S. and Salvador, R. and Whitcher, B. and Suckling,
		  J. and Bullmore, E.},
  title		= {{A resilient, low-frequency, small-world human brain
		  functional network with highly connected association
		  cortical hubs}},
  journal	= {J Neurosci},
  year		= {2006},
  volume	= {26},
  pages		= {63}
}

@article{abbott1994,
  title={Decoding neuronal firing and modelling neural networks},
  author={Abbott, LF},
  journal={Quarterly reviews of biophysics},
  volume={27},
  pages={291},
  year={1994},
}

@Article{	  agarwal2004,
  title		= {Learning to detect objects in images via a sparse,
		  part-based representation},
  author	= {Agarwal, S. and Awan, A. and Roth, D.},
  journal	= {PAMI},
  volume	= {26},
  number	= {11},
  pages		= {1475},
  year		= {2004}
}

@Article{	  aharon2006,
  title		= {K-SVD: An Algorithm for Designing Overcomplete
		  Dictionaries for Sparse Representation},
  author	= {Aharon, M. and Elad, M. and Bruckstein, A.},
  journal	= {Trans Sig Proc},
  volume	= {54},
  pages		= {4311},
  year		= {2006}
}

@Article{	  akaike1974,
  author	= {Akaike, H.},
  title		= {{A new look at the statistical model identification}},
  journal	= {IEEE transactions on automatic control},
  year		= {1974},
  volume	= {19},
  pages		= {716--723},
  number	= {6}
}

@Article{	  aljabar2007,
  author	= {P Aljabar and R Heckemann and A Hammers},
  journal	= {Proc. MICCAI},
  title		= {Classifier selection strategies for label fusion using
		  large atlas databases},
  abstract	= {Abstract. Structural segmentations of brain MRI can be
		  generated by propagating manually labelled images from a
		  repository to a query subject and combining them. This
		  method has been shown to be ro- bust, consistent and },
  pages		= {523},
  volume	= {4791},
  year		= {2007},
}

@Article{	  aljabar2009,
  author	= {P Aljabar and R Heckemann and A Hammers and J Hajnal and D
		  Rueckert},
  journal	= {NeuroImage},
  title		= {Multi-atlas based segmentation of brain images: atlas
		  selection and its effect on accuracy},
  pages		= {726},
  volume	= {46},
  year		= {2009},
}

@article{allen2011,
  title={A generalized least squares matrix decomposition},
  author={Allen, G.I. and Grosenick, L. and Taylor, J.},
  journal={Arxiv preprint arXiv:1102.3074},
  year={2011}
}

@Book{		  amari1985,
  title		= {{Differential-Geometric Methods in Statistics, Vol. 28 of
		  Lecture Notes in Statistics}},
  author	= {Amari, S.},
  year		= {1985},
  publisher	= {Springer-Verlag}
}

@Book{		  amari2007,
  title		= {{Methods of information geometry}},
  author	= {Amari, S. and Nagaoka, H.},
  year		= {2007},
  publisher	= {Amer Mathematical Society}
}

@article{arlot2010,
  title={A survey of cross-validation procedures for model selection},
  author={Arlot, Sylvain and Celisse, Alain},
  journal={Statistics surveys},
  volume={4},
  pages={40},
  year={2010},
}

@article{breiman1992submodel,
  title={Submodel selection and evaluation in regression. The X-random case},
  author={Breiman, Leo and Spector, Philip},
  journal={International statistical review/revue internationale de Statistique},
  pages={291--319},
  year={1992},
  publisher={JSTOR}
}

@InCollection{	  anandkumar2011,
  title		= {High-Dimensional Graphical Model Selection: Tractable
		  Graph Families and Necessary Conditions},
  author	= {Animashree Anandkumar and Vincent Tan and Alan S.
		  Willsky},
  booktitle	= {Adv NIPS},
  pages		= {1863},
  year		= {2011}
}

@Article{	  archambeau2008,
  title		= {{Sparse probabilistic projections}},
  author	= {Archambeau, C. and Bach, F.},
  journal	= {Adv NIPS},
  year		= {2008}
}

@Article{	  ashburner2005,
  title		= {Unified segmentation},
  author	= {Ashburner, J. and Friston, K.J.},
  journal	= {Neuroimage},
  volume	= {26},
  pages		= {839},
  year		= {2005},
}

@Article{	  ashburner2007,
  title		= {A fast diffeomorphic image registration algorithm},
  author	= {Ashburner, J.},
  journal	= {Neuroimage},
  volume	= {38},
  pages		= {95},
  year		= {2007},
  publisher	= {Elsevier}
}

@article{averbeck2006,
  title={Neural correlations, population coding and computation},
  author={Averbeck, Bruno B and Latham, Peter E and Pouget, Alexandre},
  journal={Nature Reviews Neuroscience},
  volume={7},
  pages={358},
  year={2006},
}


@Article{	  bach2009,
  author	= {{Bach}, F.},
  title		= {{Model-Consistent Sparse Estimation through the
		  Bootstrap}},
  journal	= {ArXiv:0901.3202},
  year		= {2009},
  month		= jan,
  adsnote	= {Provided by the SAO/NASA Astrophysics Data System},
  archiveprefix	= {arXiv},
  eprint	= {0901.3202},
  keywords	= {Computer Science - Learning, Statistics - Machine
		  Learning}
}

@Conference{	  banerjee2006,
  author	= {Banerjee, O. and Ghaoui, L.E. and d'Aspremont, A. and
		  Natsoulis, G.},
  title		= {{Convex optimization techniques for fitting sparse
		  Gaussian graphical models}},
  booktitle	= {ICML},
  year		= {2006},
  pages		= {96}
}

@Article{	  baron2004,
  title		= {{Neuroimaging in stroke recovery: a position paper from
		  the First International Workshop on Neuroimaging and Stroke
		  Recovery}},
  author	= {Baron, J.C. and Black, S. and Butler, A. and Carey, J. and
		  Chollet, F. and Cohen, L. and Corbetta, L. and Cramer, S.
		  and Dobkin, B. and Frackowiak, R. and Heiss, W.D. and
		  Johansen-Berg, H. and Krakauer, J. and Lazar, R. and
		  Lennihan, L. and Loubinoux, I. and Rarshall, R. and
		  Matthews, P. and Mohr, J.P. and Nelles, G. and
		  Pascual-Leone, A. and Pomeroy, V. and Rijntjes, M. and
		  Rossini, P.M. and Rothwell, J. and Seitz, R. and Small, S.
		  and Sunderand, A. and Ward, N.S. and Weiller, C. and Wise,
		  R. },
  journal	= {Cerebrovascular Diseases},
  volume	= {18},
  number	= {3},
  pages		= {260},
  year		= {2004},
  publisher	= {Karger Publishers}
}

@Article{	  beaulieu2002,
  author	= {C Beaulieu},
  journal	= {NMR in Biomedicine},
  title		= {The basis of anisotropic water diffusion in the nervous
		  system: a technical review},
  pages		= {435},
  volume	= {15},
  year		= {2002},
}

@Article{	  beck09fista,
  author	= {A. Beck and M. Teboulle},
  title		= {A Fast Iterative Shrinkage-Thresholding Algorithm for
		  Linear Inverse Problems},
  volume	= {2},
  year		= {2009},
  journal	= {SIAM Journal on Imaging Sciences},
  pages		= {183}
}

@Article{	  beckmann2004,
  author	= {Beckmann, C. F. and Smith, S. M.},
  title		= {Probabilistic independent component analysis for
		  functional magnetic resonance imaging},
  journal	= {Trans Med Im},
  year		= {2004},
  volume	= {23},
  pages		= {137}
}

@Article{	  beckmann2005,
  author	= {Beckmann, C.F. and DeLuca, M. and Devlin, J.T. and Smith,
		  S.M.},
  title		= {Investigations into resting-state connectivity using
		  independent component analysis.},
  journal	= {Philos Trans R Soc Lond B},
  year		= {2005},
  volume	= {360},
  pages		= {1001},
}

@Article{	  beckmann2005a,
  author	= {C. F. Beckmann and S. M. Smith},
  title		= {Tensorial extensions of independent component analysis for
		  multisubject {FMRI} analysis.},
  journal	= {Neuroimage},
  year		= {2005},
  volume	= {25},
  pages		= {294},
}

@Article{	  behrens2003,
  author	= {T Behrens and H Johansen-Berg and M Woolrich},
  journal	= {Nat Neurosci},
  title		= {Non-invasive mapping of connections between human thalamus
		  and cortex using diffusion imaging},
  abstract	= { Article. Nature Neuroscience 6, 750 - 757 (2003)
		  Published online: 15 June 2003; | doi:10.1038/nn1075 - of
		  and . TEJ Behrens 1, 2, 4 },
  pages		= {750},
  volume	= {6},
  year		= {2003},
}

@Article{	  behrens2003a,
  author	= {TEJ Behrens and MW Woolrich and M Jenkinson and H
		  Johansen-Berg and RG Nunes and S Clare and PM Matthews and
		  JM Brady and SM Smith},
  journal	= {Magnet Reson Med},
  title		= {Characterization and propagation of uncertainty in
		  diffusion-weighted MR imaging},
  pages		= {1077},
  volume	= {50},
  year		= {2003},
}

@Article{	  behzadi2007,
  title		= {A component based noise correction method (CompCor) for
		  {BOLD} and perfusion based {fMRI}},
  author	= {Behzadi, Y. and Restom, K. and Liau, J. and Liu, T.T.},
  journal	= {Neuroimage},
  volume	= {37},
  pages		= {90},
  year		= {2007},
}

@Article{	  bell1995,
  title		= {{An information-maximization approach to blind separation
		  and blind deconvolution}},
  author	= {Bell, A.J. and Sejnowski, T.J.},
  journal	= {Neur. Comp},
  volume	= {7},
  pages		= {1129},
  year		= {1995}
}

@Article{	  bellec2006,
  author	= {Pierre Bellec and Vincent Perlbarg and Saad Jbabdi and
		  Melanie Pelegrini-Issac and Jean-Luc Anton and
		  Julien Doyon and Habib Benali},
  title		= {Identification of large-scale networks in the brain using
		  {fMRI.}},
  journal	= {Neuroimage},
  year		= {2006},
  volume	= {29},
  pages		= {1231},
}

@Article{	  bellec2010,
  title		= {{Multi-level bootstrap analysis of stable clusters in
		  resting-state fMRI}},
  author	= {Bellec, P. and Rosa-Neto, P. and Lyttelton, O.C. and
		  Benali, H. and Evans, A.C.},
  journal	= {NeuroImage},
  volume	= {51},
  pages		= {1126},
  year		= {2010}
}

@InCollection{	  bento2009,
  title		= {Which graphical models are difficult to learn?},
  author	= {Jose Bento and Andrea Montanari},
  booktitle	= {Adv NIPS},
  pages		= {1303},
  year		= {2009}
}

@article{bialek1991,
  title={Reading a neural code},
  author={Bialek, William and Rieke, Fred and Van Steveninck, RR de Ruyter and Warland, David},
  journal={Science},
  volume={252},
  pages={1854},
  year={1991},
}

@Article{	  bialonski2010,
  title		= {{From brain to earth and climate systems: Small-world
		  interaction networks or not?}},
  author	= {Bialonski, S. and Horstmann, M.T. and Lehnertz, K.},
  journal	= {Chaos},
  volume	= {20},
  pages		= {013134},
  year		= {2010}
}

@article{bickel2009,
  title={Simultaneous analysis of Lasso and Dantzig selector},
  author={Bickel, P.J. and Ritov, Y. and Tsybakov, A.B.},
  journal={The Annals of Statistics},
  volume={37},
  pages={1705},
  year={2009},
}


@Article{	  biswal1995,
  author	= {Biswal, B. and Zerrin Yetkin, F. and Haughton, V.M. and
		  Hyde, J.S.},
  title		= {{Functional connectivity in the motor cortex of resting
		  human brain using echo-planar MRI}},
  journal	= {Magn Reson Med},
  year		= {1995},
  volume	= {34},
  pages		= {53719}
}


@Article{	  biswal1999,
  author	= {Biswal, B.B. and Ulmer, J.L.},
  title		= {{Blind source separation of multiple signal sources of
		  fMRI data sets using independent component analysis.}},
  journal	= {Journal of computer assisted tomography},
  year		= {1999},
  volume	= {23},
  pages		= {265},
  number	= {2}
}


@Article{	  biswal2010,
  title		= {{Toward discovery science of human brain function}},
  author	= {Biswal, B.B. and Mennes, M. and Zuo, X.N. and Gohel, S.
		  and Kelly, C. and Smith, S.M. and Beckmann, C.F. and
		  others},
  journal	= {Proc Ntl Acad Sci},
  volume	= {107},
  pages		= {4734},
  year		= {2010}
}

@article{breiman1996bagging,
  title={Bagging predictors},
  author={Breiman, Leo},
  journal={Machine learning},
  volume={24},
  pages={123},
  year={1996},
}

@Article{	  breiman01,
  author	= {Breiman, Leo},
  title		= {Random Forests},
  journal	= {Machine Learning},
  pages		= {5},
  volume	= {45},
  year		= {2001}
}

@Article{	  bullmore2009,
  author	= {Bullmore, E and Sporns, O},
  title		= {Complex brain networks: graph theoretical analysis of
		  structural and functional systems},
  journal	= {Nat Rev Neurosci},
  year		= {2009},
  volume	= {10},
  pages		= {186}
}

@Article{	  burns2004,
  author	= {J Burns},
  journal	= {Behavioral and Brain Sciences},
  title		= {An evolutionary theory of schizophrenia: Cortical
		  connectivity, metarepresentation, and the social brain},
  pages		= {831},
  volume	= {27},
  year		= {2004},
}


@Article{	  calhoun2001a,
  author	= {V. D. Calhoun and T. Adali and G. D. Pearlson and J. J.
		  Pekar},
  title		= {A method for making group inferences from {fMRI} data
		  using independent component analysis.},
  journal	= {Hum Brain Mapp},
  year		= {2001},
  volume	= {14},
  pages		= {140},
}


@Article{	  candes2007,
  title		= {{The Dantzig selector: Statistical estimation when p is
		  much larger than n}},
  author	= {Candes, E. and Tao, T.},
  journal	= {Annals of Statistics},
  volume	= {35},
  pages		= {2313},
  year		= {2007}
}

@Article{	  cardoso2002,
  title		= {{Infomax and maximum likelihood for blind source
		  separation}},
  author	= {Cardoso, J.F.},
  journal	= {Signal Processing Letters, IEEE},
  volume	= {4},
  pages		= {112},
  year		= {2002}
}

@Article{	  carroll2009,
  title		= {Prediction and interpretation of distributed neural
		  activity with sparse models},
  journal	= {NeuroImage},
  volume	= {44},
  pages		= {112},
  year		= {2009},
  author	= {Melissa K. Carroll and Guillermo A. Cecchi and Irina Rish
		  and Rahul Garg and A. Ravishankar Rao}
}

@Article{	  carter2009,
  author	= {Carter, A.R. and Astafiev, S.V. and Lang, C.E. and Connor,
		  L.T. and Rengachary, J. and Strube, M.J. and Pope, D.L.W.
		  and Shulman, G.L. and Corbetta, M.},
  title		= {{Resting state inter-hemispheric fMRI connectivity
		  predicts performance after stroke}},
  journal	= {Annals of Neurology},
  year		= {2009},
  volume	= {9999},
}

@Article{	  castellanos2010,
  title		= {{Principles of recovery from traumatic brain injury:
		  Reorganization of functional networks}},
  author	= {Castellanos, N.P. and Leyva, I. and Buldu, J.M. and Bajo,
		  R. and Paul, N. and Cuesta, P. and Ordonez, V.E. and
		  Pascua, C.L. and Boccaletti, S. and Maestu, F. and others},
  journal	= {NeuroImage},
  year		= {2010},
}

@article{dimartino2014autism,
  title={The autism brain imaging data exchange: towards a large-scale evaluation of the intrinsic brain architecture in autism},
  author={Di Martino, Adriana and Yan, Chao-Gan and Li, Qingyang and Denio, Erin and Castellanos, Francisco X and Alaerts, Kaat and Anderson, Jeffrey S and Assaf, Michal and Bookheimer, Susan Y and Dapretto, Mirella and others},
  journal={Molecular psychiatry},
  volume={19},
  number={6},
  pages={659--667},
  year={2014},
  publisher={Nature Publishing Group}
}

@article{carp2012,
  title={On the plurality of (methodological) worlds: Estimating the analytic flexibility of {fMRI} experiments},
  author={Carp, Joshua},
  journal={Frontiers in neuroscience},
  volume={6},
  year={2012},
}

@InCollection{	  cecchi2009,
  author	= {Cecchi, G.A. and Rish, I. and Thyreau, B. and Thirion, B.
		  and Plaze, M. and Paillere-Martinot, M.L. and Martelli, C.
		  and Martinot, J.L. and Poline, J.B. },
  title		= {Discriminative Network Models of Schizophrenia},
  booktitle	= {Advances in Neural Information Processing Systems},
  year		= {2009}
}


@Article{	  cerghet2009,
  author	= {Mirela Cerghet and Robert Skoff and Muthulekha Swamydas
		  and Denise Bessert},
  journal	= {J Neurol Sci},
  title		= {Sexual dimorphism in the white matter of rodents},
  pages		= {76},
  volume	= {286},
  year		= {2009},
}

@article{chai2011,
  title={Anticorrelations in resting state networks without global signal regression},
  author={Chai, X.J. and Casta{\~n}{\'o}n, A.N. and {\"O}ng{\"u}r, D. and Whitfield-Gabrieli, S.},
  journal={Neuroimage},
  year={2012},
  volume={59},
  pages = {1420},
}

@Article{	  chan1980,
  author	= {Chan, WM and George, A.},
  title		= {{A linear time implementation of the reverse Cuthill-McKee
		  algorithm}},
  journal	= {BIT Numerical Mathematics},
  year		= {1980},
  volume	= {20},
  pages		= {8},
}

@article{chang2009,
  title={Effects of model-based physiological noise correction on default mode network anti-correlations and correlations},
  author={Chang, C. and Glover, G.H.},
  journal={Neuroimage},
  volume={47},
  pages={1448},
  year={2009},
}

@Article{	  chen2001,
  title		= {{Atomic decomposition by basis pursuit}},
  author	= {Chen, S.S. and Donoho, D.L. and Saunders, M.A.},
  journal	= {SIAM review},
  volume	= {43},
  pages		= {129},
  year		= {2001}
}

@article{chen2006exploring,
  title={Exploring predictive and reproducible modeling with the single-subject {FIAC} dataset},
  author={Chen, Xu and Pereira, Francisco and Lee, Wayne and others},
  journal={Hum. Brain Mapp.},
  volume={27},
  pages={452},
  year={2006},
}

@article{chen2012,
  title={Deformation-Invariant Sparse Coding for Modeling Spatial Variability of Functional Patterns in the Brain},
  author={Chen, G. and Fedorenko, E. and Kanwisher, N. and Golland, P.},
  journal={Machine Learning and Interpretation in Neuroimaging},
  pages={68},
  year={2012},
  publisher={Springer}
}

@article{stelzer2013statistical,
  title={Statistical inference and multiple testing correction in classification-based multi-voxel pattern analysis (MVPA): random permutations and cluster size control},
  author={Stelzer, Johannes and Chen, Yi and Turner, Robert},
  journal={Neuroimage},
  volume={65},
  pages={69--82},
  year={2013},
  publisher={Elsevier}
}

@article{bengio2004no,
  title={No unbiased estimator of the variance of k-fold cross-validation},
  author={Bengio, Yoshua and Grandvalet, Yves},
  journal={Journal of machine learning research},
  volume={5},
  pages={1089},
  year={2004}
}

@Article{	  chiquet2010,
  author	= {Julien Chiquet and Yves Grandvalet and Christophe
		  Ambroise},
  title		= {Inferring Multiple Graphical Structures},
  journal	= {Stat and Comput},
  year		= {2010}
}

@Article{	  chklovskii2004,
  title		= {{Maps in the brain: What can we learn from them?}},
  author	= {Chklovskii, D.B. and Koulakov, A.A.},
  journal	= {Annual Reviews in Neuroscience},
  volume	= {27},
  pages		= {369},
  year		= {2004}
}

@Article{	  chun2010,
  author	= {Hyonho Chun and S{\"u}nd{\"u}z Kele{\c s}},
  journal	= {J. Roy. Stat. Soc. B},
  title		= {Sparse partial least squares regression for simultaneous
		  dimension reduction and variable selection},
  pages		= {3},
  volume	= {72},
  year		= {2010},
}

@Article{	  clauset2008,
  author	= {A Clauset and C Moore and M Newman},
  journal	= {Nature},
  title		= {Hierarchical structure and the prediction of missing links
		  in networks},
  abstract	= { have in recent years emerged as an invaluable tool for
		  describing and quantifying complex systems in many branches
		  of science 1, 2, 3 . Recent studies suggest that often
		  exhibit organization, in which vertices divide into groups
		  that further },
  pages		= {98},
  volume	= {453},
  year		= {2008},
}

@Article{	  cohen2008,
  title		= {Defining functional areas in individual human brains using
		  resting functional connectivity {MRI}},
  author	= {Cohen, A.L. and Fair, D.A. and Dosenbach, N.U.F. and
		  Miezin, F.M. and Dierker, D. and Van Essen, D.C. and
		  Schlaggar, B.L. and Petersen, S.E.},
  journal	= {Neuroimage},
  volume	= {41},
  pages		= {45},
  year		= {2008},
}

@Article{	  cole2010,
  title		= {Advances and pitfalls in the analysis and interpretation
		  of resting-state {fMRI} data},
  author	= {Cole, D.M. and Smith, S.M. and Beckmann, C.F.},
  journal	= {Frontiers in systems neuroscience},
  volume	= {4},
  year		= {2010}
}

@Article{	  combettes2006,
  title		= {Signal recovery by proximal forward-backward splitting},
  author	= {Combettes, P.L. and Wajs, V.R.},
  journal	= {Multiscale Modeling and Simulation},
  volume	= {4},
  pages		= {1168},
  year		= {2006}
}

@Article{	  combettes2008,
  title		= {{A proximal decomposition method for solving convex
		  variational inverse problems}},
  author	= {Combettes, P.L. and Pesquet, J.C.},
  journal	= {Inverse Problems},
  volume	= {24},
  pages		= {065014},
  year		= {2008}
}

@Article{	  cordes2000,
  author	= {Cordes, D. and Haughton, V.M. and Arfanakis, K. and Wendt,
		  G.J. and Turski, P.A. and Moritz, C.H. and Quigley, M.A.
		  and Meyerand, M.E.},
  title		= {{Mapping functionally related regions of brain with
		  functional connectivity MR imaging}},
  journal	= {Am J Neuroradio},
  year		= {2000},
  volume	= {21},
  pages		= {1636},
}

@article{cordes2001,
  title={Frequencies contributing to functional connectivity in the
	cerebral cortex in ``resting-state'' data},
  author={Cordes, D. and Haughton, V.M. and Arfanakis, K. and Carew, J.D. and Turski, P.A. and Moritz, C.H. and Quigley, M.A. and Meyerand, M.E.},
  journal={Am J Neuroradio},
  volume={22},
  pages={1326},
  year={2001},
}

@article{costafreda2009,
  title={Increased inferior frontal activation during word generation: a marker of genetic risk for schizophrenia but not bipolar disorder?},
  author={Costafreda, S.G. and Fu, C.H.Y. and Picchioni, M. and Kane, F. and McDonald, C. and Prata, D.P. and Kalidindi, S. and Walshe, M. and Curtis, V. and Bramon, E. and others},
  journal={Hum brain map},
  volume={30},
  pages={3287},
  year={2009},
}


@article{cox1996afni,
  title={{AFNI:} software for analysis and visualization of functional magnetic resonance neuroimages},
  author={Cox, Robert W},
  journal={Computers and Biomedical research},
  volume={29},
  pages={162},
  year={1996},
}

@Article{	  cox2003,
  author	= {Cox, D. D. and Savoy, R. L. },
  journal	= {Neuroimage},
  pages		= {261--270},
  title		= {Functional magnetic resonance imaging (fMRI) "brain
		  reading": detecting and classifying distributed patterns of
		  fMRI activity in human visual cortex.},
  volume	= {19},
  year		= {2003}
}

@InProceedings{	  coynel2010,
  author	= {Coynel, D. and Marrelec, G. and Perlbarg, V. and Doyon, J.
		  and Benali, H.},
  title		= {Conditional integration as a way of measuring mediated
		  interactions between large-scale brain networks in
		  functional {MRI}},
  booktitle	= {Proc. ISBI},
  year		= {2010}
}

@article{craddock2012,
  title={A whole brain {fMRI} atlas generated via spatially constrained spectral clustering},
  author={Craddock, R Cameron and James, G Andrew and Holtzheimer, Paul E and Hu, Xiaoping P and Mayberg, Helen S},
  journal={Human brain mapping},
  volume={33},
  pages={1914},
  year={2012},
}

@Conference{	  cuthill1969,
  author	= {Cuthill, E. and McKee, J.},
  title		= {{Reducing the bandwidth of sparse symmetric matrices}},
  booktitle	= {Proceedings of the 1969 24th national conference},
  year		= {1969},
  pages		= {157--172},
  organization	= {ACM New York, NY, USA}
}

@article{satterthwaite2012,
  title={An Improved Framework for Confound Regression and Filtering for Control of Motion Artifact in the Preprocessing of Resting-State Functional Connectivity Data},
  author={Satterthwaite, T.D. and Elliott, M.A. and Gerraty, R.T. and Ruparel, K. and Loughead, J. and Calkins, M.E. and Eickhoff, S.B. and Hakonarson, H. and Gur, R.C. and Gur, R.E. and others},
  journal={NeuroImage},
  year={2012},
  page		= {Accepted}
}

@Article{	  damoiseaux2006,
  author	= {J. S. Damoiseaux and S. A R B Rombouts and F. Barkhof and
		  P. Scheltens and C. J. Stam and S. M. Smith and C. F.
		  Beckmann},
  title		= {Consistent resting-state networks across healthy
		  subjects},
  journal	= {Proc Natl Acad Sci},
  year		= {2006},
  volume	= {103},
  pages		= {13848},
}


@Article{	  damoiseaux2008,
  author	= {J. S. Damoiseaux and C. F. Beckmann and E. J Sanz Arigita
		  and F. Barkhof and Ph Scheltens and C. J. Stam and S. M.
		  Smith and S. A R B Rombouts},
  title		= {Reduced resting-state brain activity in the "default
		  network" in normal aging.},
  journal	= {Cereb Cortex},
  year		= {2008},
  volume	= {18},
  pages		= {1856},
}


@Article{	  damoiseaux2009,
  author	= {J Damoiseaux and M Greicius},
  journal	= {Brain Struct Funct},
  title		= {Greater than the sum of its parts: a review of studies
		  combining structural connectivity and resting-state
		  functional connectivity},
  pages		= {525},
  volume	= {213},
  year		= {2009},
}

@Article{	  daubechies2004,
  title		= {{An iterative thresholding algorithm for linear inverse
		  problems with a sparsity constraint}},
  author	= {Daubechies, I. and Defrise, M. and De Mol, C.},
  journal	= {Communications on Pure and Applied Mathematics},
  volume	= {57},
  pages		= {1413},
  year		= {2004},
}

@Article{	  daubechies2009,
  author	= {I. Daubechies and E. Roussos and S. Takerkart and M.
		  Benharrosh and C. Golden and K. D'Ardenne and W. Richter
		  and J. D. Cohen and J. Haxby},
  title		= {Independent component analysis for brain {fMRI} does not
		  select for independence.},
  journal	= {Proc Natl Acad Sci},
  year		= {2009},
  volume	= {106},
  pages		= {10415},
}


@Article{	  daunizeau2009,
  author	= {Daunizeau, J. and Friston, KJ and Kiebel, SJ},
  title		= {{Variational Bayesian identification and prediction of
		  stochastic nonlinear dynamic causal models}},
  journal	= {Physica D},
  year		= {2009},
  volume	= {238},
  page		= {2089}
}


@article{davey2012,
  title={Filtering induces correlation in {fMRI} resting state data},
  author={Davey, C.E. and Grayden, D.B. and Egan, G.F. and Johnston, L.A.},
  journal={NeuroImage},
  year={2013},
  volume={64},
  pages={728},
}

@article{davis2013,
  title={Measuring neural representations with {fMRI}: practices and pitfalls},
  author={Davis, Tyler and Poldrack, Russell A},
  journal={Annals of the New York Academy of Sciences},
  volume={1296},
  pages={108},
  year={2013},
}


@Article{	  dawid1981,
  author	= {Dawid, AP},
  title		= {{Some matrix-variate distribution theory: notational
		  considerations and a Bayesian application}},
  journal	= {Biometrika},
  year		= {1981},
  volume	= {68},
  pages		= {265}
}

@article{dehaene1998,
  title={Inferring behavior from functional brain images},
  author={Dehaene, Stanislas and Le Clec'H, Gurvan and Cohen, Laurent and Poline, Jean-Baptiste and van de Moortele, Pierre-Fran{\c{c}}ois and Le Bihan, Denis},
  journal={Nature neuroscience},
  volume={1},
  pages={549},
  year={1998},
}

@article{dehaene2001,
  title={Towards a cognitive neuroscience of consciousness: basic evidence and a workspace framework},
  author={Dehaene, Stanislas and Naccache, Lionel},
  journal={Cognition},
  volume={79},
  pages={1},
  year={2001},
}

@Article{	  deligianni2010,
  author	= {F Deligianni and E Robinson and C Beckmann and D Sharp and
		  AD Edwards and D Rueckert},
  journal	= {ISBI},
  title		= {Inference of functional connectivity from structural brain
		  connectivity},
  pages		= {1113},
  year		= {2010},
}

@article{deluca2006,
  title={{fMRI} resting state networks define distinct modes of long-distance 
	 interactions in the human brain},
  author={De Luca, M. and Beckmann, CF and De Stefano, N. and Matthews, PM and Smith, S.M.},
  journal={Neuroimage},
  volume={29},
  pages={1359},
  year={2006},
}


@Article{	  dempster1972,
  author	= {Dempster, A},
  title		= {Covariance Selection},
  journal	= {Biometrics},
  year		= {1972},
  volume	= {28},
  pages		= {157},
}

@Article{         desikan2006,
  author	= {Desikan, R., S. and S{\'e}gonne, F. and Fischl, B. and
		  Quinn, B., T. and Dickerson, B., C. and Blacker, D. and
		  Buckner, R., L. and Dale, A., M. and Maguire, R., P. and
		  Hyman, B., T. and Albert, M., S. and Killiany, R., J.},
  title         = {An automated labeling system for subdividing the human
	           cerebral cortex on MRI scans into gyral based regions of
	           interest.},
  journal       = {Neuroimage},
  volume        = {31},
  pages         = {968},
  year          = {2006},
  
}

@article{dimartino2008,
  title={Functional connectivity of human striatum: a resting state FMRI study},
  author={Di Martino, A. and Scheres, A. and Margulies, DS and Kelly, AMC and Uddin, LQ and Shehzad, Z. and Biswal, B. and Walters, JR and Castellanos, FX and Milham, MP},
  journal={Cereb cortex},
  volume={18},
  pages={2735},
  year={2008},
}


@Article{	  donoho2006b,
  author	= {Donoho, D.L. and Elad, M. and Temlyakov, V.N.},
  title		= {Stable recovery of sparse overcomplete representations in
		  the presence of noise},
  journal	= ieee_j_it,
  year		= {2006},
  volume	= {52},
  pages		= {6},
}


@Article{	  donoho:1995,
  title		= {De-noising by soft-thresholding},
  volume	= {41},
  journal	= {Trans Inf Theory},
  year		= {1995},
  pages		= {613},
  author	= {Donoho, D.L.}
}

@Article{	  donoho2006a,
  author	= {D Donoho},
  journal	= {Comm. Pure Appl. Math.},
  title		= {For most large underdetermined systems of linear equations
		  the minimal L1-norm solution is also the sparsest
		  solution},
  number	= {6},
  pages		= {797},
  volume	= {59},
  year		= {2006},
}

@Conference{	  duchi2008,
  author	= {Duchi, J. and Gould, S. and Koller, D.},
  title		= {{Projected subgradient methods for learning sparse
		  gaussians}},
  booktitle	= {Proc. of the Conf. on Uncertainty in AI},
  year		= {2008}
}

@article{duncan2009consistency,
  title={Consistency and variability in functional localisers},
  author={Duncan, Keith J and Pattamadilok, Chotiga and Knierim, Iris and Devlin, Joseph T},
  journal={Neuroimage},
  volume={46},
  pages={1018},
  year={2009},
}

@Article{	  dyrby2007,
  author	= {T Dyrby and L S{\o}gaard and G Parker},
  journal	= {NeuroImage},
  title		= {Validation of in vitro probabilistic tractography},
  abstract	= {Diffusion weighted imaging (DWI) and allow the non-
		  invasive study of anatomical brain connectivity. However, a
		  gold standard for of complex connections is lacking. Using
		  the porcine brain as },
  pages		= {1267},
  volume	= {37},
  year		= {2007},
}

@article{edelman1998,
  title={Toward direct visualization of the internal shape representation
space by {fMRI}},
  author={Edelman, Shimon and Grill-Spector, Kalanit and Kushnir, Tammar and Malach, Rafael},
  journal={Psychobiology},
  volume={26},
  pages={309},
  year={1998},
  publisher={Springer}
}

@Article{	  efron2004,
  author	= {Efron, B and Hastie, T and Johnstone, I and Tibshirani,
		  R},
  title		= {Least Angle Regression},
  journal	= {Ann. Statist.},
  year		= {2004},
  volume	= {32},
  pages		= {407},
}


@Article{	  esposito1999,
  author	= {G Esposito and B Kirkby and J Van Horn and T Ellmore},
  journal	= {Brain},
  title		= {Context-dependent, neural system-specific
		  neurophysiological concomitants of ageing: mapping PET
		  correlates during cognitive activation},
  pages		= {963},
  volume	= {122},
  year		= {1999},
}

@Article{	  esser2009,
  author	= {S Esser and S Hill and G Tononi},
  journal	= {Journal of Neurophysiology},
  title		= {Breakdown of effective connectivity during slow wave
		  sleep: investigating the mechanism underlying a cortical
		  gate using large-scale modeling},
  abstract	= { between areas decreases slow wave . This decline can be
		  observed in the reduced interareal propagation of activity
		  evoked either directly in cortex by transcranial magnetic
		  stimulation (TMS) or by sensory stimulation. We present
		  here a },
  year		= {2009},
}

@Article{	  estrada2009,
  author	= {Ernesto Estrada and Naomichi Hatano},
  journal	= {Applied Mathematics and Computation},
  title		= {Communicability graph and community structures in complex
		  networks},
  number	= {2},
  pages		= {500},
  volume	= {214},
  year		= {2009},
}

@Article{	  fair2007,
  author	= {Fair, D.A. and Dosenbach, N.U.F. and Church, J.A. and
		  Cohen, A.L. and Brahmbhatt, S. and Miezin, F.M. and Barch,
		  D.M. and Raichle, M.E. and Petersen, S.E. and Schlaggar,
		  B.L.},
  title		= {{Development of distinct control networks through
		  segregation and integration}},
  journal	= {PNAS},
  year		= {2007},
  volume	= {104},
  pages		= {13507},
}

@article{fair2009,
  title={Functional brain networks develop from a ``local to distributed''
	 organization},
  author={Fair, D.A. and Cohen, A.L. and Power, J.D. and Dosenbach, N.U.F. and Church, J.A. and Miezin, F.M. and Schlaggar, B.L. and Petersen, S.E.},
  journal={PLoS computational biology},
  volume={5},
  pages={e1000381},
  year={2009},
}

@Article{	  fan2008,
  title		= {{LIBLINEAR: A library for large linear classification}},
  author	= {Fan, R.E. and Chang, K.W. and Hsieh, C.J. and Wang, X.R.
		  and Lin, C.J.},
  journal	= {The Journal of Machine Learning Research},
  volume	= {9},
  pages		= {1871},
  year		= {2008},
}

@incollection{fan2005,
  title={Classification of structural images via high-dimensional image warping, robust feature extraction, and {SVM}},
  author={Fan, Yong and Shen, Dinggang and Davatzikos, Christos},
  booktitle={MICCAI},
  pages={1},
  year={2005},
}



@Article{	  ferrarelli2010,
  author	= {Fabio Ferrarelli and Marcello Massimini and Simone Sarasso
		  and Adenauer Casali and Brady Riedner and Giuditta Angelini
		  and Giulio Tononi and Robert Pearce},
  journal	= {P Natl Acad Sci Usa},
  title		= {Breakdown in cortical effective connectivity during
		  midazolam-induced loss of consciousness},
  pages		= {2681},
  volume	= {107},
  year		= {2010},
}

@Article{	  filippini2009,
  author	= {Filippini, N. and MacIntosh, B.J. and Hough, M.G. and
		  Goodwin, G.M. and Frisoni, G.B. and Smith, S.M. and
		  Matthews, P.M. and Beckmann, C.F. and Mackay, C.E.},
  title		= {{Distinct patterns of brain activity in young carriers of
		  the APOE-$\varepsilon$4 allele}},
  journal	= {Proceedings of the National Academy of Sciences},
  year		= {2009},
  volume	= {106},
  pages		= {7209},
}


@Article{	  fletcher2007,
  author	= {Fletcher, P.T. and Joshi, S.},
  title		= {{Riemannian geometry for the statistical analysis of
		  diffusion tensor data}},
  journal	= {Signal Processing},
  year		= {2007},
  volume	= {87},
  pages		= {250}
}

@Article{	  forstner1999,
  author	= {F{\"o}rstner, W. and Moonen, B.},
  title		= {{A metric for covariance matrices}},
  journal	= {Qua vadis geodesia},
  year		= {1999},
  pages		= {113}
}

@Article{	  fox2005,
  title		= {{The human brain is intrinsically organized into dynamic,
		  anticorrelated functional networks}},
  author	= {Fox, M.D. and Snyder, A.Z. and Vincent, J.L. and Corbetta,
		  M. and Van Essen, D.C. and Raichle, M.E.},
  journal	= {Proc Ntl Acad Sci},
  volume	= {102},
  pages		= {9673},
  year		= {2005}
}

@Article{	  fox2006a,
  author	= {Fox, M and Snyder, A and Zacks, J and Raichle, M},
  title		= {Coherent spontaneous activity accounts for trial-to-trial
		  variability in human evoked brain responses.},
  journal	= {Nat Neurosci},
  year		= {2006},
  volume	= {9},
  pages		= {23},
}

@Article{	  fox2007,
  author	= {Fox, M and Raichle, M},
  title		= {Spontaneous fluctuations in brain activity observed with
		  functional magnetic resonance imaging},
  journal	= {Nat Rev Neurosci},
  year		= {2007},
  volume	= {8},
  pages		= {700}
}

@Article{	  fox2009,
  author	= {Michael Fox and Dongyang Zhang and Abraham Snyder and
		  Marcus Raichle},
  journal	= {J Neurophysio},
  title		= {The global signal and observed anticorrelated resting
		  state brain networks},
  pages		= {3270},
  volume	= {101},
  year		= {2009},
}

@Article{	  fransson2008,
  title		= {{The precuneus/posterior cingulate cortex plays a pivotal
		  role in the default mode network: Evidence from a partial
		  correlation network analysis}},
  author	= {Fransson, P. and Marrelec, G.},
  journal	= {Neuroimage},
  volume	= {42},
  pages		= {1178},
  year		= {2008}
}

@article{freeman2011,
  title={Orientation decoding depends on maps, not columns},
  author={Freeman, Jeremy and Brouwer, Gijs Joost and Heeger, David J and Merriam, Elisha P},
  journal={The Journal of Neuroscience},
  volume={31},
  pages={4792},
  year={2011},
  publisher={Soc Neuroscience}
}

@Article{	  frey2007,
  author	= {B Frey and D Dueck},
  journal	= {Science},
  title		= {Clustering by Passing Messages Between Data Points},
  number	= {5814},
  pages		= {972},
  volume	= {315},
  year		= {2007},
}

@Article{	  friedman2008,
  author	= {Friedman, J and Hastie, T and Tibshirani, R},
  title		= {Sparse inverse covariance estimation with the graphical
		  lasso},
  journal	= {Biostatistics},
  year		= {2008},
  volume	= {9},
  pages		= {432},
}

@Article{	  friston1995,
  author	= {K. J. Friston and A. P. Holmes and K. J. Worsley and J.-B.
		  Poline and C. Frith and R. S. J. Frackowiak},
  title		= {Statistical Parametric Maps in Functional Imaging: A
		  General Linear Approach},
  journal	= {Hum Brain Mapp},
  year		= {1995},
  pages		= {189}
}

@Article{	  friston2003a,
  author	= {K. J. Friston and L. Harrison and W. Penny},
  title		= {Dynamic causal modelling.},
  journal	= {Neuroimage},
  year		= {2003},
  volume	= {19},
  pages		= {1273},
}

@Article{	  friston2005,
  title		= {{Mixed-effects and fMRI studies}},
  author	= {Friston, KJ and Stephan, KE and Lund, TE and Morcom, A.
		  and Kiebel, S.},
  journal	= {Neuroimage},
  volume	= {24},
  pages		= {244},
  year		= {2005},
  publisher	= {Elsevier}
}

@Article{	  friston1994,
  author	= {K Friston},
  journal	= {Human Brain Mapping},
  title		= {Functional and effective connectivity in neuroimaging: a
		  synthesis},
  pages		= {56},
  volume	= {2},
  year		= {1994},
}

@Book{		  friston:2007,
  author	= {K Friston},
  title		= {Statistical parametric mapping: the analysis of functional
		  brain images},
  publisher	= {Academic Press},
  pages		= {647},
  year		= {2007},
}

@Article{	  garrity2007,
  author	= {Garrity, A.G. and Pearlson, G.D. and McKiernan, K. and
		  Lloyd, D. and Kiehl, K.A. and Calhoun, V.D.},
  title		= {{Aberrant" default mode" functional connectivity in
		  schizophrenia}},
  journal	= {Am J Psychiatry},
  year		= {2007},
  volume	= {164},
}

@InProceedings{	  golland2007,
  title		= {{Detection of spatial activation patterns as unsupervised
		  segmentation of fMRI data}},
  author	= {Golland, P. and Golland, Y. and Malach, R.},
  booktitle	= {{{MICCAI}}},
  year		= {2007}
}

@article{georgopoulos1986,
  title={Neuronal population coding of movement direction},
  author={Georgopoulos, Apostolos P and Schwartz, Andrew B and Kettner, Ronald E},
  journal={Science},
  volume={233},
  pages={1416},
  year={1986},
}

@Article{	  golland2008,
  author	= {Y Golland and P Golland and S Bentin and R Malach},
  journal	= {Neuropsychologia},
  title		= {Data-driven clustering reveals a fundamental subdivision
		  of the human cortex into two global systems},
  pages		= {540},
  volume	= {46},
  year		= {2008},
}

@Article{	  gong2009,
  author	= {Gaolang Gong and Pedro Rosa-Neto and Felix Carbonell and
		  Zhang Chen and Yong He and Alan Evans},
  journal	= {J Neurosci},
  title		= {Age- and Gender-Related Differences in the Cortical
		  Anatomical Network},
  pages		= {15684},
  volume	= {29},
  year		= {2009},
}

@Article{	  goodale1996,
  author	= {Goodale, M. and Milner, A.D.},
  title		= {{Separate visual pathways for perception and action}},
  journal	= {Human cognitive neuropsychology: a textbook with
		  readings},
  year		= {1996},
  pages		= {395},
}

@article{gramfort2013,
  title={Identifying predictive regions from {fMRI} with {TV-L1} prior},
  author={Gramfort, Alexandre and Thirion, Bertrand and Varoquaux, Ga{\"e}l},
  journal={PRNI},
  pages={17},
  year={2013},
}

@Article{	  greicius2003,
  author	= {Greicius, M.D. and Krasnow, B. and Reiss, A.L. and Menon,
		  V.},
  title		= {{Functional connectivity in the resting brain: a network
		  analysis of the default mode hypothesis}},
  journal	= {Proceedings of the National Academy of Sciences},
  year		= {2003},
  volume	= {100},
  pages		= {253},
}


@Article{	  greicius2004,
  author	= {Greicius, M.D. and Srivastava, G. and Reiss, A.L. and
		  Menon, V.},
  title		= {{Default-mode network activity distinguishes Alzheimer's
		  disease from healthy aging: evidence from functional MRI}},
  journal	= {Proceedings of the National Academy of Sciences},
  year		= {2004},
  volume	= {101},
  pages		= {4637},
}

@Article{	  greicius2008,
  author	= {Greicius, M.D. and Supekar, K. and Menon, V. and
		  Dougherty, R.F.},
  title		= {{Resting-state functional connectivity reflects structural
		  connectivity in the default mode network}},
  journal	= {Cerebral Cortex},
  year		= {2008},
  publisher	= {Oxford Univ Press}
}

@Article{	  greicius2008b,
  author	= {Greicius, M.},
  title		= {{Resting-state functional connectivity in neuropsychiatric
		  disorders}},
  journal	= {Current opinion in neurology},
  year		= {2008},
  volume	= {21},
  pages		= {424}
}

@article{grillon2012,
  title={Hyperfrontality and hypoconnectivity during refreshing in schizophrenia},
  author={Grillon, M.L. and Oppenheim, C. and Varoquaux, G. and Charbonneau, F. and Devauchelle, A.D. and Krebs, M.O. and Bayle, F. and Thirion, B. and Huron, C.},
  journal={Psychiatry Research: Neuroimaging},
  year={2012},
  publisher={Elsevier}
}

@article{grosenick2013,
  title={Interpretable whole-brain prediction analysis with GraphNet},
  author={Grosenick, Logan and Klingenberg, Brad and Katovich, Kiefer and Knutson, Brian and Taylor, Jonathan E},
  journal={NeuroImage},
  volume={72},
  pages={304},
  year={2013},
}

@Article{	  guo2008,
  author	= {Guo, Y. and Pagnoni, G.},
  title		= {A unified framework for group independent component
		  analysis for multi-subject {fMRI} data},
  journal	= {NeuroImage},
  year		= {2008},
  volume	= {42},
  pages		= {1078},
  number	= {3}
}


@Article{	  guo2009,
  author	= {Jian Guo and Elizaveta Levina and George Michailidis and
		  Ji Zhu},
  title		= {Joint Estimation of Multiple Graphical Models},
  journal	= {Preprint},
  year		= {2009},
  url		= {http//www.stat.lsa.umich.edu/~gmichail/manuscript-jasa-09.pdf}
}

@article{guo2012,
  title={Setting sample size using cost efficiency in fMRI studies},
  author={Guo, Q. and Hall, G. and McKinnon, M. and Thabane, L. and Goeree, R. and Pullenayegum, E.},
  journal={Open Access Medical Statistics},
  volume={2},
  pages={33},
  year={2012},
}


#
@Article{	  hagmann2008,
  author	= {Hagmann, Patric AND Cammoun, Leila AND Gigandet, Xavier
		  AND Meuli, Reto AND Honey, Christopher J AND Wedeen, Van J
		  AND Sporns, Olaf},
  title		= {Mapping the Structural Core of Human Cerebral Cortex},
  journal	= {PLoS Biol},
  year		= {2008},
  volume	= {6},
  pages		= {e159},
}


@article{hanke2009pymvpa,
  title={{PyMVPA}: A python toolbox for multivariate pattern analysis of fMRI data},
  author={Hanke, Michael and Halchenko, Yaroslav O and Sederberg, Per B and Hanson, Stephen Jos{\'e} and Haxby, James V and Pollmann, Stefan},
  journal={Neuroinformatics},
  volume={7},
  pages={37},
  year={2009},
}

@Article{	  hansen1999,
  title		= {Generalizable Patterns in Neuroimaging: How Many Principal
		  Components?},
  author	= {Hansen, L.K. and Larsen, J. and Nielsen, F.{\AA}. and
		  Strother, S.C. and Rostrup, E. and Savoy, R. and Lange, N.
		  and Sidtis, J. and Svarer, C. and Paulson, O.B.},
  journal	= {NeuroImage},
  volume	= {9},
  pages		= {534},
  year		= {1999},
  publisher	= {Elsevier}
}

@Article{	  harrison2003,
  author	= {Harrison, L. and Penny, W. D. and Friston, K.},
  title		= {{Multivariate autoregressive modeling of {fMRI} time
		  series}},
  journal	= {NeuroImage},
  year		= {2003},
  volume	= {19},
  pages		= {1477}
}


@article{hariri2006,
  title={Imaging genetics: perspectives from studies of genetically driven variation in serotonin function and corticolimbic affective processing},
  author={Hariri, A.R. and Drabant, E.M. and Weinberger, D.R. and others},
  journal={Biological psychiatry},
  volume={59},
  pages={888},
  year={2006},
}


@Article{	  harshman1970,
  author	= {Harshman, R.A.},
  title		= {{Foundations of the PARAFAC procedure: Models and
		  conditions for an" explanatory" multi-modal factor
		  analysis}},
  journal	= {UCLA working papers in phonetics},
  year		= {1970},
  volume	= {16},
  pages		= {1},
}


@Article{	  haxby2001,
  author	= {Haxby, James V. and Gobbini, Ida M. and Furey, Maura L.
		  and others},
  journal	= {Science},
  pages		= {2425},
  title		= {Distributed and overlapping representations of faces and
		  objects in ventral temporal cortex},
  volume	= {293},
  year		= {2001}
}

@article{haxby2014,
  title={Decoding Neural Representational Spaces Using Multivariate Pattern Analysis},
  author={Haxby, James V and Connolly, Andrew C and Guntupalli, J Swaroop},
  journal={Annual Review of Neuroscience},
  volume={37},
  year={2014},
}

@Article{	  haynes2006,
  author	= {Haynes, John-Dylan and Rees, Geraint },
  journal	= {Nat. Rev. Neurosci.},
  pages		= {523},
  title		= {Decoding mental states from brain activity in humans},
  volume	= {7},
  year		= {2006}
}

@Article{	  he2007,
  title		= {{Breakdown of functional connectivity in frontoparietal
		  networks underlies behavioral deficits in spatial
		  neglect}},
  author	= {He, B.J. and Snyder, A.Z. and Vincent, J.L. and Epstein,
		  A. and Shulman, G.L. and Corbetta, M.},
  journal	= {Neuron},
  volume	= {53},
  pages		= {905},
  year		= {2007},
}

@Article{	  he2009,
  title		= {Uncovering intrinsic modular organization of spontaneous
		  brain activity in humans},
  author	= {He, Y. and Wang, J. and Wang, L. and Chen, Z.J. and Yan,
		  C. and Yang, H. and Tang, H. and Zhu, C. and Gong, Q. and
		  Zang, Y. and others},
  journal	= {PLoS One},
  volume	= {4},
  pages		= {e5226},
  year		= {2009}
}

@Article{	  healy1969,
  title		= {{Rao's Paradox Concerning Multivariate Tests of
		  Significance}},
  author	= {Healy, M.J.R},
  journal	= {Biometrics},
  volume	= {25},
  pages		= {411},
  year		= {1969}
}

@Article{	  hebiri2011,
  title		= {The Smooth-Lasso and other $\ell_1$ + $\ell_2$-penalized
		  methods},
  author	= {Hebiri, M. and van de Geer, S.},
  journal	= {Electronic Journal of Statistics},
  volume	= {5},
  pages		= {1184},
  year		= {2011}
}

@Article{	  heckemann2006,
  author	= {Rolf Heckemann and Joseph Hajnal and Paul Aljabar and
		  Daniel Rueckert and Alexander Hammers},
  journal	= {NeuroImage},
  title		= {Automatic anatomical brain MRI segmentation combining
		  label propagation and decision fusion},
  number	= {1},
  pages		= {115},
  volume	= {33},
  year		= {2006},
}

@Article{	  hesterberg2006,
  author	= {T Hesterberg and C Fraley},
  journal	= {Proceedings of the American Statistical {\ldots}},
  title		= {S-PLUS and R package for least angle regression},
  year		= {2006},
}

@Article{	  himberg2004,
  author	= {Himberg, J. and Hyv{\"a}rinen, A. and Esposito, F.},
  title		= {{Validating the independent components of neuroimaging
		  time series via clustering and visualization}},
  journal	= {Neuroimage},
  year		= {2004},
  volume	= {22},
  pages		= {1214},
}

@Article{	  honey2007,
  author	= {Honey, C.J. and K{\"o}tter, R. and Breakspear, M. and
		  Sporns, O.},
  title		= {{Network structure of cerebral cortex shapes functional
		  connectivity on multiple time scales}},
  journal	= {Proceedings of the National Academy of Sciences},
  year		= {2007},
  volume	= {104},
  pages		= {10240},
}

@Article{	  honey2009,
  author	= {C Honey and O Sporns and L Cammoun and X Gigandet and J
		  Thiran and R Meuli and P Hagmann},
  journal	= {P Natl Acad Sci Usa},
  title		= {Predicting human resting-state functional connectivity
		  from structural connectivity},
  pages		= {2035},
  volume	= {106},
  year		= {2009},
}

@Conference{	  honorio2010,
  author	= {Honorio, J. and Samaras, D.},
  title		= {{Multi-Task Learning of Gaussian Graphical Models}},
  booktitle	= {ICML},
  year		= {2010}
}

@Article{	  horwitz2003,
  author	= {B Horwitz},
  journal	= {NeuroImage},
  title		= {The elusive concept of brain connectivity},
  abstract	= {Neurons and neural populations do not function as islands
		  onto themselves. Rather, they interact with other such
		  elements through their afferent and efferent connections in
		  an orchestrated manner so as to enable different },
  pages		= {466},
  volume	= {19},
  year		= {2003},
}

@InCollection{	  huang2009,
  author	= {Shuai Huang and Jing Li and Liang Sun and Jun Liu and
		  Teresa Wu and Kewei Chen and Adam Fleisher and Eric Reiman
		  and Jieping Ye},
  title		= {Learning Brain Connectivity of {Alzheimer's} Disease from
		  Neuroimaging Data},
  booktitle	= {Adv NIPS},
  year		= {2009},
  pages		= {808}
}


@Article{	  huang2010,
  title		= {{Learning brain connectivity of Alzheimer's disease by
		  sparse inverse covariance estimation}},
  author	= {Huang, S. and Li, J. and Sun, L. and Ye, J. and Fleisher,
		  A. and Wu, T. and Chen, K. and Reiman, E.},
  journal	= {NeuroImage},
  volume	= {50},
  pages		= {935},
  year		= {2010},
}

@article{hubel1962,
  title={Receptive fields, binocular interaction and functional architecture in the cat's visual cortex},
  author={Hubel, David H and Wiesel, Torsten N},
  journal={The Journal of physiology},
  volume={160},
  pages={106},
  year={1962},
}

@article{huth2012,
  title={A continuous semantic space describes the representation of thousands of object and action categories across the human brain},
  author={Huth, Alexander G and Nishimoto, Shinji and Vu, An T and Gallant, Jack L},
  journal={Neuron},
  volume={76},
  pages={1210},
  year={2012},
}

@Article{	  hyvarinen2000,
  author	= {A. Hyv{\"a}rinen and E. Oja},
  title		= {Independent component analysis: algorithms and
		  applications},
  journal	= {Neural Networks},
  year		= {2000},
  volume	= {13},
  pages		= {411},
}

@Article{	  iturriamedina2007,
  author	= {Y Iturria-Medina and E Canales-Rodriguez},
  journal	= {NeuroImage},
  title		= {Characterizing brain anatomical connections using
		  diffusion weighted MRI and graph theory},
  pages		= {645-},
  volume	= {36},
  year		= {2007},
}

@Article{	  jbabdi2007,
  author	= {S Jbabdi and M Woolrich and J Andersson and T Behrens},
  journal	= {NeuroImage},
  title		= {A Bayesian framework for global tractography},
  pages		= {116},
  volume	= {37},
  year		= {2007},
}

@Article{	  jenatton2011,
  author	= {{Jenatton}, R. and {Gramfort}, A. and {Michel}, V. and
		  {Obozinski}, G. and {Eger}, E. and {Bach}, F. and
		  {Thirion}, B.},
  title		= {Multi-scale Mining of {fMRI} data with Hierarchical
		  Structured Sparsity},
  journal	= {ArXiv e-prints},
  archiveprefix	= "arXiv",
  eprint	= {1105.0363},
  primaryclass	= "stat.ML",
  year		= 2011,
}

@Article{	  jenatton2009,
  author	= {Jenatton, R. and Audibert, J.-Y. and Bach, F.},
  title		= {Structured Variable Selection with Sparsity-Inducing
		  Norms},
  journal	= {Journal of Machine Learning Research},
  year		= {2011},
  volume	= {12},
  pages		= {2777}
}

@Conference{	  jenatton2010,
  title		= {{Structured sparse principal component analysis}},
  author	= {Jenatton, R. and Obozinski, G. and Bach, F.},
  booktitle	= {Proc. AISTATS},
  year		= {2010}
}

@Article{	  jenatton2010b,
  author	= {Jenatton, R. and Mairal, J. and Obozinski, G. and Bach,
		  F.},
  title		= {Proximal Methods for Hierarchical Sparse Coding},
  journal	= {Journal of Machine Learning Research},
  year		= {2011},
  volume	= {12},
  pages		= {2297}
}

@Article{	  jernigan2003,
  title		= {{More mapping in brain mapping: statistical
		  comparison of effects}},
  author	= {Jernigan, T.L. and Gamst, A.C. and Fennema-Notestine, C.
		  and Ostergaard, A.L.},
  journal	= {Human brain mapping},
  volume	= {19},
  pages		= {90},
  year		= {2003},
}

@Book{		  kay1993,
  title		= {{Fundamentals of Statistical signal processing, Volume 1:
		  Estimation theory}},
  author	= {Kay, S.M.},
  year		= {1993},
  publisher	= {Prentice Hall PTR}
}

@article{kay2008,
  title={Identifying natural images from human brain activity},
  author={Kay, Kendrick N and Naselaris, Thomas and Prenger, Ryan J and Gallant, Jack L},
  journal={Nature},
  volume={452},
  pages={352},
  year={2008},
}

@article{kahnt2012,
  title={Connectivity-Based Parcellation of the Human Orbitofrontal Cortex},
  author = {Kahnt, Thorsten and Chang, Luke J. and Park, Soyoung Q and
	  Heinzle, Jakob and Haynes, John-Dylan},
  journal={Journal of Neuroscience},
  number = {18},
  pages = {6240--6250},
  year = {2012},
}

@InProceedings{ keller2009,
  author	= {M. Keller and M. Lavielle and M. Perrot and A. Roche},
  title		= {{Anatomically Informed Bayesian Model Selection for fMRI
		  Group Data Analysis}},
  booktitle	= {{{MICCAI}}},
  year		= {2009}
}

@Article{	  kettenring1971,
  author	= {J. R. Kettenring},
  title		= {{Canonical analysis of several sets of variables}},
  journal	= {Biometrika},
  year		= {1971},
  volume	= {58},
  pages		= {433},
}

@Article{	  kim1992,
  author	= {Kim, S.J.},
  title		= {{The metrically trimmed mean as a robust estimator of
		  location}},
  journal	= {The Annals of Statistics},
  year		= {1992},
  pages		= {1534}
}


@Article{	  kiviniemi2003,
  title		= {Independent component analysis of nondeterministic fMRI
		  signal sources},
  author	= {Kiviniemi, V. and Kantola, J.H. and Jauhiainen, J. and
		  Hyv{\"a}rinen, A. and Tervonen, O.},
  journal	= {Neuroimage},
  volume	= {19},
  pages		= {253},
  year		= {2003},
}

@Article{	  kiviniemi2009,
  author	= {Kiviniemi, V. and Starck, T. and Remes, J. and Long, X.
		  and Nikkinen, J. and Haapea, M. and Veijola, J. and
		  others},
  title		= {{Functional segmentation of the brain cortex using high
		  model order group {PICA}.}},
  journal	= {Hum Brain Map},
  year		= {2009},
  volume={30},
  pages={3865},
}

@Article{	  kjems2002,
  title		= {The quantitative evaluation of functional neuroimaging
		  experiments: Mutual information learning curves},
  author	= {Kjems, U. and Hansen, L.K. and Anderson, J. and Frutiger,
		  S. and Muley, S. and Sidtis, J. and Rottenberg, D. and
		  Strother, SC},
  journal	= {NeuroImage},
  volume	= {15},
  pages		= {772},
  year		= {2002},
}

@article{knops2009,
  title={Recruitment of an area involved in eye movements during mental arithmetic},
  author={Knops, A. and Thirion, B. and Hubbard, E.M. and Michel, V. and Dehaene, S.},
  journal={Science},
  volume={324},
  pages={1583},
  year={2009},
}


@Article{	  koch2002,
  author	= {MA Koch and DG Norris and M Hund-Georgiadis},
  journal	= {NeuroImage},
  title		= {An investigation of functional and anatomical connectivity
		  using magnetic resonance imaging},
  pages		= {241},
  volume	= {16},
  year		= {2002},
}

@Article{	  kochunov:2007p3050,
  author	= {P Kochunov and P Thompson and J Lancaster and G
		  Bartzokis},
  journal	= {NeuroImage},
  title		= {Relationship between white matter fractional anisotropy
		  and other indices of cerebral health in normal aging:
		  tract-based spatial statistics study of aging},
  pages		= {478},
  volume	= {35},
  year		= {2007},
}

@Article{	  konrad2010,
  author	= {K Konrad and S Eickhoff},
  journal	= {Human Brain Mapping},
  title		= {Is the ADHD brain wired differently? A review on
		  structural and functional connectivity in attention deficit
		  hyperactivity disorder},
  pages		= {904},
  volume	= {31},
  year		= {2010},
}

@Article{	  kou2010,
  author	= {Zhifeng Kou and Zhen Wu and Karen Tong and Barbara
		  Holshouser and Randall Benson and Jiani Hu and E Haacke},
  journal	= {J Head Trauma Rehab},
  title		= {The Role of Advanced MR Imaging Findings as Biomarkers of
		  Traumatic Brain Injury},
  pages		= {267},
  volume	= {25},
  year		= {2010},
}

@article{koutsouleris2009,
  title={Use of neuroanatomical pattern classification to identify subjects in at-risk mental states of psychosis and predict disease transition},
  author={Koutsouleris, Nikolaos and Meisenzahl, Eva and Davatzikos, Christos  and others},
  journal={Archives of general psychiatry},
  volume={66},
  pages={700},
  year={2009},
}

@Article{	  kreutz2003,
  title		= {{Dictionary learning algorithms for sparse
		  representation}},
  author	= {Kreutz-Delgado, K. and Murray, J.F. and Rao, B.D. and
		  Engan, K. and Lee, T.W. and Sejnowski, T.J.},
  journal	= {Neur. Comp.},
  volume	= {15},
  pages		= {349},
  year		= {2003}
}

@article{kriegeskorte2006,
  title={Information-based functional brain mapping},
  author={Kriegeskorte, Nikolaus and Goebel, Rainer and Bandettini, Peter},
  journal={Proceedings of the National Academy of Sciences of the United States of America},
  volume={103},
  pages={3863},
  year={2006},
}

@article{kriegeskorte2007,
  title={Analyzing for information, not activation, to exploit high-resolution fMRI},
  author={Kriegeskorte, Nikolaus and Bandettini, Peter},
  journal={Neuroimage},
  volume={38},
  pages={649},
  year={2007},
}

@Article{	  krishnapuram2007,
  author	= {Balaji Krishnapuram and Lawrence Carin and Mario A.T.
		  Figueiredo and Alexander J. Hartemink},
  title		= {Sparse Multinomial Logistic Regression: Fast Algorithms
		  and Generalization Bounds},
  journal	= {Transactions on Pattern Analysis and Machine
		  Intelligence},
  volume	= {27},
  year		= {2005},
  pages		= {957}
}

@Article{	  krzanowski1979,
  author	= {W. J. Krzanowski},
  title		= {Between-Groups Comparison of Principal Components},
  journal	= {Jour of the Amer Stat Assoc},
  year		= {1979},
  volume	= {74},
  pages		= {703},
}

@Article{	  laconte2003,
  title		= {The evaluation of preprocessing choices in single-subject
		  BOLD {fMRI} using NPAIRS performance metrics},
  author	= {LaConte, S. and Anderson, J. and Muley, S. and Ashe, J.
		  and Frutiger, S. and Rehm, K. and Hansen, L.K. and Yacoub,
		  E. and Hu, X. and Rottenberg, D.},
  journal	= {NeuroImage},
  volume	= {18},
  pages		= {10},
  year		= {2003},
}

@article{laconte2011decoding,
  title={Decoding {fMRI} brain states in real-time},
  author={LaConte, Stephen M},
  journal={Neuroimage},
  volume={56},
  pages={440},
  year={2011},
}

@Article{laird2011,
  title={Behavioral interpretations of intrinsic connectivity networks},
  author={Laird, A.R. and Fox, P.M. and Eickhoff, S.B. and others},
  journal={J Cog Neurosci},
  volume={23},
  pages={4022},
  year={2011},
}

@Article{	  langers2009,
  author	= {Langers, D.R.M.},
  title		= {{Blind source separation of fMRI data by means of factor
		  analytic transformations}},
  journal	= {Neuroimage},
  year		= {2009},
  volume	= {47},
  pages		= {77},
}


@Article{	  lashkari2010a,
  title		= {Categories and Functional Units: An Infinite Hierarchical
		  Model for Brain Activations},
  author	= {Lashkari, D. and Sridharan, R. and Golland, P.},
  journal	= {Adv NIPS},
  year		= {2010}
}

@Article{	  lashkari2010b,
  title		= {Discovering structure in the space of {fMRI} selectivity
		  profiles},
  author	= {Lashkari, D. and Vul, E. and Kanwisher, N. and Golland,
		  P.},
  journal	= {NeuroImage},
  volume	= {50},
  pages		= {1085},
  year		= {2010},
}

@inproceedings{lashkari2009,
  title={Exploratory {fMRI} analysis without spatial normalization},
  author={Lashkari, D. and Golland, P.},
  booktitle={Information Processing in Medical Imaging},
  pages={398},
  year={2009},
}

@Book{		  lauritzen1996,
  title		= {{Graphical models}},
  publisher	= {Oxford University Press, USA},
  year		= {1996},
  author	= {Lauritzen, S.L.}
}

@Article{	  lazar2005,
  author	= {M Lazar and A Alexander},
  journal	= {NeuroImage},
  title		= {Bootstrap white matter tractography (BOOT-TRAC)},
  year		= {2005},
}

@Article{	  lebihan2001,
  author	= {D Le Bihan and J Mangin and C Poupon},
  journal	= {Journal of Magnetic Resonance Imaging},
  title		= {Diffusion tensor imaging: concepts and applications},
  pages		= {534},
  volume	= {13},
  year		= {2001},
}

@InCollection{	  lecun2006,
  author	= {LeCun, Y. and Chopra, S. and Hadsell, R. and Ranzato, M.A.
		  and Huang F.L.},
  title		= {Energy-Based Models},
  booktitle	= {Predicting structured data},
  publisher	= {MIT Press},
  year		= {2007},
  editor	= {BakIr, G. and Hofmann, T. and Sch{\"o}lkopf, B.},
  pages		= {191}
}

@inproceedings{lecun2010,
  title={Convolutional networks and applications in vision},
  author={LeCun, Yann and Kavukcuoglu, Koray and Farabet, Cl{\'e}ment},
  booktitle={Circuits and Systems (ISCAS)},
  pages={253},
  year={2010},
}

@article{szucs2016empirical,
  title={Empirical assessment of published effect sizes and power in the recent cognitive neuroscience and psychology literature},
  author={Szucs, Denes and Ioannidis, John PA},
  journal={bioRxiv},
  pages={071530},
  year={2016},
}

@article{wolfers2015estimating,
  title={From estimating activation locality to predicting disorder: a review of pattern recognition for neuroimaging-based psychiatric diagnostics},
  author={Wolfers, Thomas and Buitelaar, Jan K and Beckmann, Christian F and Franke, Barbara and Marquand, Andre F},
  journal={Neuroscience \& Biobehavioral Reviews},
  volume={57},
  pages={328},
  year={2015},
}

@Article{	  ledoit2004,
  author	= {Ledoit, O and Wolf, M},
  title		= {A well-conditioned estimator for large-dimensional
		  covariance matrices},
  journal	= {J. Multivar. Anal.},
  year		= {2004},
  volume	= {88},
  pages		= {365},
}

@article{ledoit2003,
  title={Honey, I shrunk the sample covariance matrix},
  author={Ledoit, O. and Wolf, M.},
  journal={UPF Economics and Business Working Paper},
  number={691},
  year={2003}
}

@Article{	  lee1999,
  author	= {Lee, D. D. and Seung, H. S.},
  title		= {Learning the parts of objects by non-negative matrix
		  factorization},
  journal	= {Nature},
  year		= {1999},
  volume	= {401},
  pages		= {788}
}

@InProceedings{	  lee2007,
  author	= {Lee, H. and Battle, A. and Raina, R. and Ng, A. Y.},
  title		= {Efficient sparse coding algorithms},
  booktitle	= {Adv NIPS},
  year		= {2007}
}

@article{lee2011,
  title={A data-driven sparse {GLM} for {fMRI} analysis using sparse dictionary learning with {MDL} criterion},
  author={Lee, K. and Tak, S. and Ye, J.C.},
  journal={IEEE Trans Med Imag},
  volume={30},
  pages={1076},
  year={2011},
}


@Article{	  lenglet2006,
  author	= {Lenglet, C. and Rousson, M. and Deriche, R. and Faugeras,
		  O.},
  title		= {{Statistics on the manifold of multivariate normal
		  distributions: Theory and application to diffusion tensor
		  MRI processing}},
  journal	= {Journal of Mathematical Imaging and Vision},
  year		= {2006},
  volume	= {25},
  pages		= {423}
}

@Article{	  levina2008,
  author	= {Levina, E and Rothman, A and Zhu, J},
  title		= {Sparse estimation of large covariance matrices via a
		  nested Lasso penalty},
  journal	= {Ann. Appl. Stat},
  year		= {2008},
  volume	= {2},
  pages		= {245},
}

@Article{	  lewis2009,
  title		= {{Learning sculpts the spontaneous activity of the resting
		  human brain}},
  author	= {Lewis, C.M. and Baldassarre, A. and Committeri, G. and
		  Romani, G.L. and Corbetta, M.},
  journal	= {Proceedings of the National Academy of Sciences},
  volume	= {106},
  number	= {41},
  pages		= {17558},
  year		= {2009},
  publisher	= {National Acad Sciences}
}

@Article{	  li2007,
  author	= {Li, Y.O. and Adali, T. and Calhoun, V.D.},
  title		= {{Estimating the number of independent components for
		  functional magnetic resonance imaging data}},
  journal	= {Hum Brain Map},
  year		= {2007},
  volume	= {28},
}

@Article{	  li2008,
  author	= {X Li and Z Zhang and Y Wang and W Hu},
  journal	= {ICPR},
  title		= {Multiclass Spectral Clustering Based on Discriminant
		  Analysis},
  pages		= {1},
  year		= {2008},
}

@Article{	  liu2010,
  author	= {Fang Liu and Logi Vidarsson and Jeff Winter and Hien Tran
		  and Andrea Kassner},
  journal	= {Brain Res},
  title		= {Sex differences in the human corpus callosum
		  microstructure: A combined {T-2} myelin-water and diffusion
		  tensor magnetic resonance imaging study},
  pages		= {37},
  volume	= {1343},
  year		= {2010},
}

@article{logothetis1995,
  title={Shape representation in the inferior temporal cortex of monkeys},
  author={Logothetis, Nikos K and Pauls, Jon and Poggio, Tomaso},
  journal={Current Biology},
  volume={5},
  pages={552},
  year={1995},
}


@Article{	  logothetis2001,
  author	= {N Logothetis and J Pauls and M Augath and T Trinath and A
		  Oeltermann},
  journal	= {Nature},
  title		= {Neurophysiological investigation of the basis of the {fMRI}
		  signal},
  pages		= {150},
  volume	= {412},
  year		= {2001},
}

@article{lohmann2007,
  title={Using non-negative matrix factorization for single-trial analysis of {fMRI} data},
  author={Lohmann, G. and Volz, K.G. and Ullsperger, M.},
  journal={Neuroimage},
  volume={37},
  pages={1148},
  year={2007},
}


@Article{	  lowe1998,
  author	= {Lowe, MJ and Mock, BJ and Sorenson, JA},
  title		= {{Functional connectivity in single and multislice
		  echoplanar imaging using resting-state fluctuations}},
  journal	= {Neuroimage},
  year		= {1998},
  volume	= {7},
  pages		= {119},
}

@Article{	  luca2006,
  author	= {M. De Luca and C. F. Beckmann and N. De Stefano and P. M.
		  Matthews and S. M. Smith},
  title		= {fMRI resting state networks define distinct modes of
		  long-distance interactions in the human brain.},
  journal	= {Neuroimage},
  year		= {2006},
  volume	= {29},
  pages		= {1359},
}

@inproceedings{lukic2002,
  title={A spatially robust {ICA} algorithm for multiple {fMRI} data sets},
  author={Lukic, A.S. and Wernick, M.N. and Hansen, L.K. and Anderson, J. and Strother, S.C.},
  booktitle={IBSI},
  pages={839},
  year={2002},
}


@Article{	  madler2008,
  author	= {B M{\"a}dler and S Drabycz and S Kolind},
  journal	= {Magnetic Resonance Imaging},
  title		= {Is diffusion anisotropy an accurate monitor of
		  myelination? Correlation of multicomponent T2 relaxation
		  and diffusion tensor anisotropy in human brain.},
  pages		= {874},
  volume	= {26},
  year		= {2008},
}

@Article{	  mairal2009,
  title		= {{Online dictionary learning for sparse coding}},
  author	= {Mairal, J. and Bach, F. and Ponce, J. and Sapiro, G.},
  journal	= {ICML},
  year		= {2009}
}

@Article{	  mairal2010,
  author	= {Mairal, J. and Bach, F. and Ponce, J. and Sapiro, G.},
  title		= {Online learning for matrix factorization and sparse
		  coding},
  journal	= {Journal of Machine Learning Research},
  year		= {2010},
  volume	= {11},
  pages		= {19}
}

@Article{	  mairal2010a,
  title		= {Network Flow Algorithms for Structured Sparsity},
  author	= {Julien Mairal and Rodolphe Jenatton and Guillaume
		  Obozinski and Francis Bach},
  journal	= {Adv NIPS},
  year		= {2010}
}

@article{ashburner2011diffeomorphic,
  title={Diffeomorphic registration using geodesic shooting and Gauss--Newton optimisation},
  author={Ashburner, John and Friston, Karl J},
  journal={NeuroImage},
  volume={55},
  number={3},
  pages={954--967},
  year={2011},
  publisher={Elsevier}
}

@ARTICLE{marcus2007,
  author = {Daniel S Marcus and Tracy H Wang and Jamie Parker and others},
  title = {Open Access Series of Imaging Studies {(OASIS):} cross-sectional
{MRI}
	data in young, middle aged, nondemented, and demented older adults.},
  journal = {J Cogn Neurosci},
  year = {2007},
  volume = {19},
  pages = {1498},
}

@Conference{	  marlin2009,
  author	= {Marlin, B.M. and Murphy, K.P.},
  title		= {{Sparse Gaussian graphical models with unknown block
		  structure}},
  booktitle	= {ICML},
  year		= {2009},
  pages		= {705},
}


@book{marr1982,
  title={Vision: A computational investigation into the human representation and processing of visual information},
  author={Marr, David},
  year={1982},
  publisher	= {The MIT press},
  address={Cambridge},
}


@Article{	  marrelec2006a,
  author	= {Marrelec, G and Krainik, A and Duffau, H and
		  P\'el\'egrini-Issac, M and Leh\'ericy, S and Doyon, J and
		  Benali, H},
  title		= {Partial correlation for functional brain interactivity
		  investigation in functional {MRI}},
  journal	= {Neuroimage},
  year		= {2006},
  volume	= {32},
  pages		= {228},
  number	= {1},
}


@Article{	  marrelec2007,
  author	= {Marrelec, G and Horwitz, H and Kim, J and
		  P\'el\'egrini-Issac, M and Benali, H and Doyon, J},
  title		= {Using partial correlation to enhance structural equation
		  modeling of functional {MRI} data.},
  journal	= {Magn Reson Imaging},
  year		= {2007},
  volume	= {25},
  pages		= {1181},
}


@Article{	  marrelec2008,
  author	= {Marrelec, G. and Bellec, P. and Krainik, A. and Duffau, H.
		  and P{\'e}l{\'e}grini-Issac, M. and Leh{\'e}ricy, S. and
		  Benali, H. and Doyon, J.},
  title		= {{Regions, systems, and the brain: hierarchical measures of
		  functional integration in fMRI}},
  journal	= {Medical Image Analysis},
  year		= {2008},
  volume	= {12},
  pages		= {484},
}


@Article{	  marrelec2009,
  author	= {Guillaume Marrelec and Habib Benali},
  title		= {A theoretical investigation of the relationship between
		  structural equation modeling and partial correlation in
		  functional MRI effective connectivity.},
  journal	= {Comput Intell Neurosci},
  year		= {2009},
  pages		= {369341},
}


@Article{	  massimini:2005p3069,
  author	= {M Massimini and F Ferrarelli and R Huber and SK Esser and
		  H Singh and G Tononi},
  journal	= {Science},
  title		= {Breakdown of cortical effective connectivity during
		  sleep},
  pages		= {2228},
  volume	= {309},
  year		= {2005},
}

@InProceedings{	  mazaika2007,
  title		= {Artifact repair for fMRI data from high motion clinical
		  subjects},
  author	= {Mazaika, P. and Whitfield-Gabrieli, S. and Reiss, A. and
		  Glover, G.},
  booktitle	= {Poster presented at: 13th Annual Meeting of the
		  Organization for Human Brain Mapping},
  year		= {2007}
}

@Book{		  mchugh1990,
  title		= {{Algorithmic Graph Theory}},
  publisher	= {Prentice Hall},
  year		= {1990},
  author	= {McHugh, J.A.}
}

@Article{	  mcintosh1994,
  author	= {McIntosh, A and Gonzalez-Lima, F.},
  title		= {Structural equation modeling and its application to
		  network analysis in functional brain imaging},
  journal	= {Hum Brain Map},
  year		= {1994},
  volume	= {2},
  pages		= {2},
}

@InCollection{	  mcintosh2010,
  title		= {Moving Between Functional and Effective Connectivity},
  author	= {McIntosh, A.R.},
  booktitle	= {Analysis and Function of Large-Scale Brain Networks},
  pages		= {15},
  year		= {2010},
  publisher	= {Society for Neuroscience},
  editor	= {Sporns, O.}
}

@Article{	  mckeown1998,
  author	= {McKeown, M.J. and Makeig, S. and Brown, G.G. and Jung,
		  T.P. and Kindermann, S.S. and Bell, A.J. and Sejnowski,
		  T.J.},
  title		= {{Analysis of fMRI data by blind separation into
		  independent spatial components}},
  journal	= {Hum Brain Map},
  year		= {1998},
  volume	= {6},
  pages		= {160}
}

@Article{	  mckinstry2002,
  author	= {R McKinstry and A Mathur and J Miller and A Ozcan},
  journal	= {Cerebral Cortex},
  title		= {Radial organization of developing preterm human cerebral
		  cortex revealed by non-invasive water diffusion anisotropy
		  MRI},
  number	= {12},
  pages		= {1237},
  volume	= {12},
  year		= {2002},
}

@Article{	  mei2008,
  author	= {Mei, L. and Figl, M. and Rueckert, D. and Darzi, A. and
		  Edwards, P.},
  title		= {Statistical shape modelling: How many modes should be
		  retained?},
  journal	= {CVPRW},
  year		= {2008},
}

@Article{	  meinshausen2006,
  author	= {Meinshausen, N and B\"uhlmann, P},
  title		= {High-dimensional graphs and variable selection with the
		  Lasso},
  journal	= {Ann. Statist.},
  year		= {2006},
  volume	= {34},
  pages		= {1436},
  number	= {3}
}

@article{meinshausen2010stability,
  title={Stability selection},
  author={Meinshausen, Nicolai and B{\"u}hlmann, Peter},
  journal={J Roy Stat Soc B},
  volume={72},
  pages={417},
  year={2010},
}

@InProceedings{	  mensch2016,
  author	= {Mensch, Arthur. and Varoquaux, Gael. and Thirion, Bertrand.},
  title		= {{Compressed Online Dictionary Learning for Fast
	  	    Resting-State fMRI Decomposition}},
  booktitle	= {Proc. ISBI},
  year		= {2016},
  pages		= {1282},
}



@Article{	  michel2012supervisedclustering,
  year		= {2012},
  journal	= {Pattern Recognition},
  title		= {A supervised clustering approach for {fMRI}-based
		  inference of brain states},
  author	= {Michel, Vincent and Gramfort, Alexandre and Varoquaux,
		  Ga{\"e}l and Eger, Evelyn and Keribin, Christine and
		  Thirion, Bertrand},
  pages = {2041},
  volume = 45,
}

@article{langs2011gini,
  title={Detecting stable distributed patterns of brain activation using Gini contrast},
  author={Langs, Georg and Menze, Bjoern H and Lashkari, Danial and Golland, Polina},
  journal={NeuroImage},
  volume={56},
  pages={497},
  year={2011},
}

@article{kuncheva2010classifier,
  title={Classifier ensembles for {fMRI} data analysis: an experiment},
  author={Kuncheva, Ludmila I and Rodr{\'\i}guez, Juan J},
  journal={Magnetic resonance imaging},
  volume={28},
  pages={583},
  year={2010},
}


@article{laconte2005support,
  title={Support vector machines for temporal classification of block
design {fMRI} data},
  author={LaConte, Stephen and Strother, Stephen and Cherkassky, Vladimir and Anderson, Jon and Hu, Xiaoping},
  journal={NeuroImage},
  volume={26},
  number={2},
  pages={317--329},
  year={2005},
  publisher={Elsevier}
}

@article{karahanouglu2013totalactivation,
  title={Total activation: {fMRI} deconvolution through spatio-temporal regularization},
  author={Karahano{\u{g}}lu, Fikret I{\c{s}}{\i}k and Caballero-Gaudes, C{\'e}sar and Lazeyras, Fran{\c{c}}ois and Van De Ville, Dimitri},
  journal={Neuroimage},
  volume={73},
  pages={121},
  year={2013},
}

@Article{	  michel2011tv,
  pages		= {1328},
  volume	= {30},
  year		= {2011},
  title		= {Total Variation Regularization for {fMRI}-Based Prediction
		  of Behavior},
  journal	= {Medical Imaging, IEEE Transactions on},
  author	= {Michel, V. and Gramfort, A. and Varoquaux, G. and Eger, E.
		  and Thirion, B.}
}

@InProceedings{	  michel2009,
  title		= {Adaptive multi-class Bayesian sparse regression - An
		  application to brain activity classification},
  author	= {Vincent Michel and Evelyn Eger and Christine Keribin and
		  Bertrand Thirion},
  booktitle	= {MICCAI'09 Workshop on Analysis of Functional Medical
		  Images.},
  year		= 2009
}

@Article{	  minka2001,
  author	= {Minka, T.P.},
  title		= {{Automatic choice of dimensionality for PCA}},
  journal	= {Adv NIPS},
  year		= {2001},
  pages		= {598}
}

@article{pereira2011information,
  title={Information mapping with pattern classifiers: a comparative study},
  author={Pereira, Francisco and Botvinick, Matthew},
  journal={Neuroimage},
  volume={56},
  pages={476},
  year={2011},
  publisher={Elsevier}
}

@Article{	  mitchell2004,
  author	= {Mitchell, Tom M. and Hutchinson, Rebecca and Niculescu,
		  Radu S. and Pereira, Francisco and Wang, Xuerui and Just,
		  Marcel and Newman, Sharlene},
  title		= {Learning to Decode Cognitive States from Brain Images},
  journal	= {Machine Learning},
  pages		= {145},
  volume	= {57},
  year		= {2004}
}

@article{mitchell2008,
  title={Predicting human brain activity associated with the meanings of nouns},
  author={Mitchell, Tom M and Shinkareva, Svetlana V and Carlson, Andrew and Chang, Kai-Min and Malave, Vicente L and Mason, Robert A and Just, Marcel Adam},
  journal={science},
  volume={320},
  pages={1191},
  year={2008},
}

@Article{	  modha2010,
  author	= {D Modha and R Singh},
  journal	= {PNAS},
  title		= {Network architecture of the long-distance pathways in the
		  macaque brain},
  pages		= {13485},
  volume	= {107},
  year		= {2010},
}

@Article{	  mohammadi2009,
  author	= {Mohammadi, B. and Kollewe, K. and Samii, A. and Krampfl,
		  K. and Dengler, R. and M{\"u}nte, T.F.},
  title		= {{Changes of resting state brain networks in amyotrophic
		  lateral sclerosis}},
  journal	= {Experimental Neurology},
  year		= {2009},
}


@Article{	  morcom2007,
  author	= {Alexa Morcom and Paul Fletcher},
  journal	= {NeuroImage},
  title		= {Does the brain have a baseline? Why we should be resisting
		  a rest},
  number	= {4},
  pages		= {1073},
  volume	= {37},
  year		= {2007},
}

@article{moran2012social,
  title={Social-cognitive deficits in normal aging},
  author={Moran, Joseph M and Jolly, Eshin and Mitchell, Jason P},
  journal={J. Neurosci},
  volume={32},
  pages={5553},
  year={2012},
}

@Article{	  mori2002,
  author	= {S Mori and P van Zijl},
  journal	= {NMR in Biomedicine},
  title		= {Fiber tracking: principles and strategies-a technical
		  review},
  pages		= {468},
  volume	= {15},
  year		= {2002},
}

@article{demirci2008review,
  title={A review of challenges in the use of {fMRI} for disease
classification/characterization and a projection pursuit application from
a multi-site {fMRI} schizophrenia study},
  author={Demirci, Oguz and Clark, Vincent P and Magnotta, Vincent A and Andreasen, Nancy C and Lauriello, John and Kiehl, Kent A and Pearlson, Godfrey D and Calhoun, Vince D},
  journal={Brain imaging and behavior},
  volume={2},
  number={3},
  pages={207--226},
  year={2008},
  publisher={Springer}
}

@article{fu2008pattern,
  title={Pattern classification of sad facial processing: toward the development of neurobiological markers in depression},
  author={Fu, Cynthia HY and Mourao-Miranda, Janaina and Costafreda, Sergi G and Khanna, Akash and Marquand, Andre F and Williams, Steve CR and Brammer, Michael J},
  journal={Biological psychiatry},
  volume={63},
  number={7},
  pages={656--662},
  year={2008},
  publisher={Elsevier}
}

@Article{	  mouraomiranda2005,
  title		= "Classifying brain states and determining the
		  discriminating activation patterns: Support Vector Machine
		  on functional {MRI} data",
  journal	= "NeuroImage",
  volume	= "28",
  pages		= "980",
  year		= "2005",
  author	= "Janaina Mourão-Miranda and Arun L.W. Bokde and Christine
		  Born and Harald Hampel and Martin Stetter"
}

@Article{	  muller2007,
  author	= {R M{\"u}ller},
  journal	= {Mental retardation and developmental Disability Research},
  title		= {The study of autism as a distributed disorder},
  pages		= {85},
  volume	= {13},
  year		= {2007},
}

@article{mumford2012,
  title={Deconvolving BOLD activation in event-related designs for multivoxel pattern classification analyses},
  author={Mumford, J.A. and Turner, B.O. and Ashby, F.G. and Poldrack, R.A.},
  journal={NeuroImage},
  volume={59},
  pages={2636},
  year={2012},
}

@article{naselaris2011,
  title={Encoding and decoding in {fMRI}},
  author={Naselaris, Thomas and Kay, Kendrick N and Nishimoto, Shinji and Gallant, Jack L},
  journal={Neuroimage},
  volume={56},
  pages={400},
  year={2011},
}

@Article{	  nelder1972,
  title		= {{Generalized linear models}},
  author	= {Nelder, J.A. and Wedderburn, R.W.M.},
  journal	= {J. Roy. Stat. Soc. A},
  volume	= {135},
  pages		= {370},
  year		= {1972}
}


@Article{	  newman2004,
  author	= {Newman, MEJ and Girvan, M.},
  title		= {{Finding and evaluating community structure in networks}},
  journal	= {Phys rev E},
  year		= {2004},
  volume	= {69},
  pages		= {26113},
}

@Article{	  newman2006,
  author	= {Newman, MEJ},
  title		= {{Modularity and community structure in networks}},
  journal	= {PNAS},
  year		= {2006},
  volume	= {103},
  pages		= {8577}
}



@InProceedings{	  ng2004feature,
  title		= {Feature selection, L1 vs. L2 regularization, and
		  rotational invariance},
  author	= {Ng, A.Y.},
  booktitle	= {Proceedings of the twenty-first international conference
		  on Machine learning},
  pages		= {78},
  year		= {2004},
}

@article{ng2009,
  title={Functional Segmentation of {fMRI} Data Using Adaptive Non-negative
	Sparse PCA {(ANSPCA)}},
  author={Ng, B. and Abugharbieh, R. and McKeown, M.},
  journal={MICCAI},
  pages={490},
  year={2009},
}

@Article{	  nielsen2005,
  title		= {Mining the posterior cingulate: segregation between memory
		  and pain components},
  author	= {Nielsen, F.A. and Balslev, D. and Hansen, L.K.},
  journal	= {NeuroImage},
  volume	= {27},
  pages		= {520},
  year		= {2005},
}

@article{smith2015positive,
  title={A positive-negative mode of population covariation links brain connectivity, demographics and behavior},
  author={Smith, Stephen M and Nichols, Thomas E and Vidaurre, Diego and Winkler, Anderson M and Behrens, Timothy EJ and Glasser, Matthew F and Ugurbil, Kamil and Barch, Deanna M and Van Essen, David C and Miller, Karla L},
  journal={Nature neuroscience},
  volume={18},
  number={11},
  pages={1565--1567},
  year={2015},
  publisher={Nature Publishing Group}
}

@article{nishimoto2011,
  title={Reconstructing visual experiences from brain activity evoked by natural movies},
  author={Nishimoto, Shinji and Vu, An T and Naselaris, Thomas and Benjamini, Yuval and Yu, Bin and Gallant, Jack L},
  journal={Current Biology},
  volume={21},
  pages={1641},
  year={2011},
}


@article{norman2006,
  title={Beyond mind-reading: multi-voxel pattern analysis of {fMRI} data},
  author={Norman, Kenneth A and Polyn, Sean M and Detre, Greg J and Haxby, James V},
  journal={Trends in cognitive sciences},
  volume={10},
  pages={424},
  year={2006},
}

@article{noppeney2004,
  title={Degenerate neuronal systems sustaining cognitive functions},
  author={Noppeney, U. and Friston, K.J. and Price, C.J.},
  journal={J Anat},
  volume={205},
  pages={433},
  year={2004},
}

@article{odoherty2007,
  title={Model-Based {fMRI} and Its Application to Reward Learning and Decision Making},
  author={O'Doherty, John P and Hampton, Alan and Kim, Hackjin},
  journal={Annals of the New York Academy of Sciences},
  volume={1104},
  pages={35},
  year={2007},
}

@Article{	  oh2007,
  author	= {J Oh and I Song and J Lee and H Kang and K Park and E
		  Kang},
  journal	= {NeuroImage},
  title		= {Tractography-guided statistics (TGIS) in diffusion tensor
		  imaging for the detection of gender difference of fiber
		  integrity in the midsagittal and parasagittal corpora},
  pages		= {606},
  volume	= {36},
  year		= {2007},
}

@Article{	  oja1997nonlinear,
  title		= {{The nonlinear PCA learning rule in independent component
		  analysis}},
  author	= {Oja, E.},
  journal	= {Neurocomputing},
  volume	= {17},
  pages		= {25},
  year		= {1997}
}

@Article{	  olshausen1996,
  title		= {Emergence of simple-cell remainsceptive field properties
		  by learning a sparse code for natural images},
  author	= {Olshausen, B.A. and others},
  journal	= {Nature},
  volume	= {381},
  pages		= {607},
  year		= {1996}
}

@Article{	  olshausen1997,
  title		= {{Sparse coding with an overcomplete basis set: A strategy
		  employed by V1?}},
  author	= {Olshausen, B.A. and Field, D.J.},
  journal	= {Vision research},
  volume	= {37},
  pages		= {3311},
  year		= {1997},
}

@Article{	  osullivan2001,
  author	= {M O'Sullivan and D Jones and P Summers and R Morris},
  journal	= {Neurology},
  title		= {Evidence for cortical" disconnection" as a mechanism of
		  age-related cognitive decline},
  pages		= {632},
  volume	= {57},
  year		= {2001},
}

@Article{	  papadimitriou1976,
  author	= {Papadimitriou, C.H.},
  title		= {{The NP-completeness of the bandwidth minimization
		  problem}},
  journal	= {Computing},
  year		= {1976},
  volume	= {16},
  pages		= {263},
}

@Article{	  parker2003,
  author	= {G Parker and H Haroon},
  journal	= {Journal of Magnetic Resonance Imaging},
  title		= {A framework for a streamline-based probabilistic index of
		  connectivity (PICo) using a structural interpretation of
		  MRI diffusion measurements},
  pages		= {242},
  volume	= {18},
  year		= {2003},
}

@Article{	  paul2007,
  author	= {Paul, D},
  title		= {Asymptotics of sample eigenstructure for a large
		  dimensional spiked covariance model},
  journal	= {Stat. Sinica},
  volume	= {17},
  pages		= {1617},
}

@Article{	  pearl1997,
  author	= {J. Pearl},
  title		= {The New Challenge: From a Century of Statistics to an Age
		  of Causation},
  journal	= {Computing Science and Statistics},
  year		= {1997},
  volume	= {29},
  pages		= {415}
}

@article{pedregosa2011,
 title={Scikit-learn: Machine Learning in {Python}},
 author={Pedregosa, F. and Varoquaux, G. and Gramfort, A. and others},
 journal={Journal of Machine Learning Research},
 volume={12},
 pages={2825},
 year={2011}
}

@article{pedregosa2014,
  title={Data-driven {HRF} estimation for encoding and decoding models},
  author={Pedregosa, Fabian and Eickenberg, Michael and Ciuciu, Philippe and Gramfort, Alexandre and Thirion, Bertrand},
  journal={submitted, arXiv preprint arXiv:1402.7015},
  year={2014}
}

@article{peelen2007,
  title={Using multi-voxel pattern analysis of {fMRI} data to interpret overlapping functional activations},
  author={Peelen, Marius V and Downing, Paul E},
  journal={Trends in cognitive sciences},
  volume={11},
  pages={4},
  year={2007},
}

@Article{	  pennec2006,
  author	= {Pennec, X. and Fillard, P. and Ayache, N.},
  title		= {{A Riemannian framework for tensor computing}},
  journal	= {Int J Comp Vision},
  year		= {2006},
  volume	= {66},
  pages		= {41}
}

@Article{	  pennec2006b,
  title		= {{Intrinsic statistics on Riemannian manifolds: Basic tools
		  for geometric measurements}},
  author	= {Pennec, X.},
  journal	= {Journal of Mathematical Imaging and Vision},
  volume	= {25},
  pages		= {127},
  year		= {2006},
}

@book{penny2007,
  title={Statistical Parametric Mapping: The Analysis of Functional Brain Images},
  author={Penny, William D and Friston, Karl J and Ashburner, John T and Kiebel, Stefan J and Nichols, Thomas E},
  year={2007},
  publisher={Academic Press},
  address={London},
}

@InProceedings{	  perlbarg2004,
  author	= {Perlbarg, V. and Bellec, P. and Marrelec, G. and Jbadi, S.
		  and Benali, H.},
  title		= {Selection of spatially independent components to explain
		  functional connectivity in fMRI},
  booktitle	= {Proc. ISBI},
  year		= {2004},
  pages		= {852},
}


@Article{	  perlbarg2007,
  author	= {Vincent Perlbarg and Pierre Bellec and Jean-Luc Anton and
		  Melanie Pelegrini-Issac and Julien Doyon and Habib
		  Benali},
  title		= {CORSICA: correction of structured noise in fMRI by
		  automatic identification of ICA components.},
  journal	= {Magn Reson Imaging},
  year		= {2007},
  volume	= {25},
  pages		= {35},
}


@Article{	  perlbarg2008,
  author	= {V. Perlbarg and G. Marrelec},
  title		= {Contribution of Exploratory Methods to the Investigation
		  of Extended Large-Scale Brain Networks in Functional MRI:
		  Methodologies, Results, and Challenges.},
  journal	= {Int J Biomed Imaging},
  year		= {2008},
  volume	= {2008},
  pages		= {218519},
}

@InProceedings{	  perlbarg2008a,
  author	= {Perlbarg, V. and Marrelec, G. and Doyon, J. and
		  Pelegrini-Issac, M. and Lehericy, S. and Benali, H.},
  title		= {{NEDICA}: Detection of group functional networks in {FMRI}
		  using spatial independent component analysis},
  booktitle	= {Proc. ISBI},
  year		= {2008},
  pages		= {1247},
}

@article{petersen2010,
  title={Alzheimer's Disease Neuroimaging Initiative {(ADNI)} Clinical characterization},
  author={Petersen, RC and Aisen, PS and Beckett, LA and others},
  journal={Neurology},
  volume={74},
  pages={201},
  year={2010},
}


@InProceedings{	  perrot2009,
  author	= {M. Perrot and D. Rivi\!ere and A. Tucholka and J.-F.
		  Mangin},
  title		= {{Joint Bayesian Cortical Sulci Recognition and Spatial
		  Normalization}},
  booktitle	= {{{IPMI}}},
  year		= {2009}
}


@Article{	  pinel2007,
  title		= {Fast reproducible identification and large-scale
		  databasing of individual functional cognitive networks},
  author	= {Pinel, P. and Thirion, B. and Meriaux, S. and Jobert, A.
		  and Serres, J. and Le Bihan, D. and Poline, J.B. and
		  Dehaene, S.},
  journal	= {BMC neuroscience},
  volume	= {8},
  pages		= {91},
  year		= {2007}
}

@article{power2011,
  title={Spurious but systematic correlations in functional connectivity MRI networks arise from subject motion},
  author={Power, J.D. and Barnes, K.A. and Snyder, A.Z. and Schlaggar, B.L. and Petersen, S.E.},
  journal={Neuroimage},
  year={2011},
  volume={59},
  pages = {2142},
}

@Article{	  pollonini2010,
  author	= {Luca Pollonini and Swaroop Pophale and Ning Situ and
		  Meng-Hung Wu and Richard Frye and Jose Leon-Carrion and
		  George Zouridakis},
  journal	= {Brain Topogr},
  title		= {Information Communication Networks in Severe Traumatic
		  Brain Injury},
  pages		= {221},
  volume	= {23},
  year		= {2010},
}

@Article{	  poldrack2006,
  title		= "Can cognitive processes be inferred from neuroimaging
		  data?",
  author	= "RA Poldrack",
  journal	= "Trends in cognitive sciences",
  volume	= "10",
  pages		= "59",
  year		= "2006"
}


@Article{	  poldrack2009decoding,
  title		= "Decoding the large-scale structure of brain function by
		  classifying mental states across individuals",
  author	= "Russell A Poldrack and Yaroslav O Halchenko and Stephen
		  Jos{\'e} Hanson",
  journal	= "Psychological Science",
  volume	= "20",
  pages		= "1364",
  year		= "2009",
}

@article{poldrack2011inferring,
  title={Inferring mental states from neuroimaging data: from reverse inference to large-scale decoding},
  author={Poldrack, Russell A},
  journal={Neuron},
  volume={72},
  pages={692},
  year={2011},
}


@book{poldrack2011,
  title={Handbook of functional {MRI} data analysis},
  author={Poldrack, R.A. and Mumford, J.A. and Nichols, T.E.},
  year={2011},
  publisher={University Press},
  address={Cambridge}
}

@article{poldrack2012topics,
  title={Discovering relations between mind, brain, and mental disorders using topic mapping},
  author={Poldrack, Russell A and Mumford, Jeanette A and Schonberg, Tom and Kalar, Donald and Barman, Bishal and Yarkoni, Tal},
  journal={PLoS computational biology},
  volume={8},
  pages={e1002707},
  year={2012},
}

@article{millman2007analysis,
  title={Analysis of functional magnetic resonance imaging in Python},
  author={Millman, K Jarrod and Brett, Matthew},
  journal={Computing in Science \& Engineering},
  volume={9},
  number={3},
  pages={52--55},
  year={2007},
  publisher={AIP Publishing}
}

@misc{spm2008,
    author={{Wellcome Department of Cognitive Neurology}},
    howpublished={http://www.fil.ion.ucl.ac.uk/spm},
    title={{SPM8}},
    year={2008},
}


@article{poldrack2013openfmri,
  title={Toward open sharing of task-based {fMRI} data: the {OpenfMRI} project},
  author={Poldrack, Russell A and Barch, Deanna M and Mitchell, Jason P and others},
  journal={Frontiers in neuroinformatics},
  volume={7},
  year={2013},
}

@Article{	  pourahmadi1999,
  author	= {Pourahmadi, M},
  title		= {{Joint mean-covariance models with applications to
		  longitudinal data: unconstrained parameterisation}},
  journal	= {Biometrika},
  year		= {1999},
  volume	= {86},
  pages		= {677},
}

@Article{	  raichle2001,
  author	= {Raichle, M.E. and MacLeod, A.M. and Snyder, A.Z. and
		  Powers, W.J. and Gusnard, D.A. and Shulman, G.L.},
  title		= {{A default mode of brain function}},
  journal	= {Proceedings of the National Academy of Sciences},
  year		= {2001},
  volume	= {98},
  pages		= {676},
}

@article{raichle2007,
  title={A default mode of brain function: a brief history of an evolving idea},
  author={Raichle, Marcus E and Snyder, Abraham Z},
  journal={Neuroimage},
  volume={37},
  pages={1083},
  year={2007},
}

@Article{	  rao1945,
  title		= {{Information and accuracy attainable in the estimation of
		  statistical parameters}},
  author	= {Rao, C.R.},
  journal	= {Bull. Calcutta Math. Soc.},
  pages		= {81},
  year		= {1945},
  volume	= {37}
}

@Article{	  rao1992,
  title		= {{Information and the accuracy attainable in the estimation
		  of statistical parameters}},
  author	= {Rao, C.R.},
  journal	= {Breakthroughs in Statistics: Foundations and basic
		  theory},
  pages		= {235},
  isbn		= {0387975667},
  year		= {1992},
  publisher	= {Springer Verlag}
}

@Article{	  richiardi2010,
  title		= {{Decoding brain states from fMRI connectivity graphs}},
  author	= {Richiardi, J. and Eryilmaz, H. and Schwartz, S. and
		  Vuilleumier, P. and Van De Ville, D.},
  journal	= {NeuroImage},
  year		= {2010},
  publisher	= {Elsevier}
}

@InProceedings{	  rish2012,
  title		= {{Sparse regression analysis of task-relevant information
		  distribution in the brain}},
  author	= {Rish, I. and Cecchi, G. and Heuton, K and Baliki, M. and
		  Apkarian, A.V.},
  booktitle	= {SPIE Medical Imaging},
  year		= {2012},
  page		= {In press}
}

@Article{	  rissanen1983,
  author	= {Rissanen, J.},
  title		= {{A universal prior for integers and estimation by minimum
		  description length}},
  journal	= {The Annals of statistics},
  year		= {1983},
  pages		= {416},
}

@article{rissman2004,
  title={Measuring functional connectivity during distinct stages of a cognitive task},
  author={Rissman, J. and Gazzaley, A. and D'Esposito, M.},
  journal={Neuroimage},
  volume={23},
  pages={752},
  year={2004},
}

@Article{	  robinson2008,
  author	= {E Robinson and M Valstar and A Hammers},
  journal	= {MICCAI},
  title		= {Multivariate statistical analysis of whole brain
		  structural networks obtained using probabilistic
		  tractography},
  pages		= {486},
  volume	= {5241},
}

@Article{	  robinson2010,
  author	= {E Robinson and A Hammers and A Ericsson and AD Edwards and
		  D Rueckert},
  journal	= {NeuroImage},
  title		= {Identifying population differences in whole-brain
		  structural networks: a machine learning approach},
  pages		= {910},
  volume	= {50},
  year		= {2010},
}

@Article{	  rocca2007,
  author	= {Rocca, MA and Pagani, E. and Absinta, M. and Valsasina, P.
		  and Falini, A. and Scotti, G. and Comi, G. and Filippi,
		  M.},
  title		= {{Altered functional and structural connectivities in
		  patients with MS: a 3-T study}},
  journal	= {Neurology},
  year		= {2007},
  volume	= {69},
  pages		= {2136}
}

@Article{	  roche2011,
  title		= {A four-dimensional registration algorithm with application
		  to joint correction of motion and slice timing in fMRI},
  author	= {Roche, A.},
  journal	= {Medical Imaging, IEEE Transactions on},
  pages		= {1546},
  year		= {2011}
}

@Article{	  roebroeck2005,
  author	= {Alard Roebroeck and Elia Formisano and Rainer Goebel},
  journal	= {NeuroImage},
  title		= {Mapping directed influence over the brain using Granger
		  causality and fMRI},
  pages		= {230},
  volume	= {25},
  year		= {2005},
}

@article{rondina2013stability,
  title={Stability-based multivariate mapping using SCoRS},
  author={Rondina, Jane Maryam and Shawe-Taylor, John and Mour{\~a}o-Miranda, Janaina},
  journal={PRNI},
  pages={198},
  year={2013},
}


@Article{	  rombouts2009,
  author	= {Rombouts, S.A.R.B. and Damoiseaux, J.S. and Goekoop, R.
		  and Barkhof, F. and Scheltens, P. and Smith, S.M. and
		  Beckmann, C.F.},
  title		= {{Model-free group analysis shows altered BOLD FMRI
		  networks in dementia}},
  journal	= {Hum Brain Map},
  year		= {2009},
  volume	= {30},
}

@Article{	  rothman2008,
  author	= {Rothman, A and Bickel, P and Levina, E and Zhu, J},
  title		= {Sparse permutation invariant covariance estimation},
  journal	= {Electron J Stat},
  year		= {2008},
  volume	= {2},
  pages		= {494}
}

@Article{	  roweis1998apa,
  author	= {Roweis, S.},
  title		= {{EM algorithms for PCA and SPCA}},
  journal	= {Advances in neural information processing systems},
  year		= {1998},
  pages		= {626},
}

@article{roy2009,
  title={Functional connectivity of the human amygdala using resting state fMRI},
  author={Roy, A.K. and Shehzad, Z. and Margulies, D.S. and Kelly, AM and Uddin, L.Q. and Gotimer, K. and Biswal, B.B. and Castellanos, F.X. and Milham, M.P.},
  journal={Neuroimage},
  volume={45},
  pages={614},
  year={2009},
}

@Article{	  rueckert:1999p3082,
  author	= {D Rueckert and L Sonoda and C Hayes and D Hill},
  journal	= {IEEE Transactions on Medical Imaging},
  title		= {Non-rigid registration using free-form deformations:
		  application to breast MR images},
  pages		= {712},
  volume	= {18},
  year		= {1999},
}

@Article{	  rutimann2009,
  author	= {R{\"u}timann, P. and B{\"u}hlmann, P.},
  title		= {{High dimensional sparse covariance estimation via
		  directed acyclic graphs}},
  journal	= {Electron J Stat},
  year		= {2009},
  volume	= {3},
  pages		= {1133}
}


@Article{	  ryali2010,
  title		= {Sparse logistic regression for whole-brain classification
		  of {fMRI} data},
  author	= {Ryali, S. and Supekar, K. and Abrams, D.A. and Menon, V.},
  journal	= {NeuroImage},
  volume	= {51},
  pages		= {752},
  year		= {2010}
}

@article{ryali2012,
  title={Estimation of functional connectivity in fMRI data using stability selection-based sparse partial correlation with elastic net penalty},
  author={Ryali, Srikanth and Chen, Tianwen and Supekar, Kaustubh and Menon, Vinod},
  journal={Neuroimage},
  volume={59},
  pages={3852},
  year={2012},
}

@article{sabuncu2010,
  title={Function-based intersubject alignment of human cortical anatomy},
  author={Sabuncu, M.R. and Singer, B.D. and Conroy, B. and Bryan, R.E. and Ramadge, P.J. and Haxby, J.V.},
  journal={Cereb Cortex},
  volume={20},
  pages={130},
  year={2010},
}

@article{sadaghiani2010,
  title={The relation of ongoing brain activity, evoked neural responses, and cognition},
  author={Sadaghiani, Sepideh and Hesselmann, Guido and Friston, Karl J and Kleinschmidt, Andreas},
  journal={Frontiers in systems neuroscience},
  volume={4},
  year={2010},
}

@Article{	  sakurai1999,
  title		= {How do cell assemblies encode information in the brain?},
  author	= {Sakurai, Y.},
  journal	= {Neuroscience \& Biobehavioral Reviews},
  volume	= {23},
  pages		= {785},
  year		= {1999}
}

@Book{		  salkind2007,
  title		= {Encyclopedia of Measurement and Statistics},
  publisher	= {Thousand Oaks},
  year		= {2007},
  editor	= {Salkind, E}
}

@article{salimi2009,
  title={Meta-analysis of neuroimaging data: a comparison of image-based and coordinate-based pooling of studies},
  author={Salimi-Khorshidi, G. and Smith, S.M. and Keltner, J.R. and Wager, T.D. and Nichols, T.E. and others},
  journal={Neuroimage},
  volume={45},
  pages={810},
  year={2009},
}

@Article{	  salvador2005,
  author	= {R Salvador and J Suckling and M Coleman},
  journal	= {Cerebral Cortex},
  title		= {Neurophysiological architecture of functional magnetic
		  resonance images of human brain},
  pages		= {1332},
  volume	= {15},
  year		= {2005},
}

@Article{	  sato2008,
  author	= {Sato, J.R. and Martin, M.G.M. and Fujita, A. and
		  Mour{\~a}o-Miranda, J. and Brammer, M.J. and Amaro Jr, E.},
  title		= {{An fMRI normative database for connectivity networks
		  using one-class support vector machines}},
  journal	= {Hum brain map},
  year		= {2008},
  volume	= {30},
  pages		= {1068}
}

@article{schwartz2013,
  title={Mapping cognitive ontologies to and from the brain},
  author={Schwartz, Yannick and Thirion, Bertrand and Varoquaux, Ga{\"e}l},
  year={2013},
  journal	= {NIPS},
}

@article{churchill2014comparing,
  title={Comparing within-subject classification and regularization
	    methods in {fMRI} for large and small sample sizes},
  author={Churchill, Nathan W and Yourganov, Grigori and Strother, Stephen C},
  journal={Human brain mapping},
  volume={35},
  pages={4499},
  year={2014},
}

@article{rasmussen2012model,
  title={Model sparsity and brain pattern interpretation of classification models in neuroimaging},
  author={Rasmussen, Peter M and Hansen, Lars K and Madsen, Kristoffer H and Churchill, Nathan W and Strother, Stephen C},
  journal={Pattern Recognition},
  volume={45},
  number={6},
  pages={2085--2100},
  year={2012},
  publisher={Elsevier}
}

@article{strother2002quantitative,
  title={The quantitative evaluation of functional neuroimaging experiments: the NPAIRS data analysis framework},
  author={Strother, Stephen C and Anderson, Jon and Hansen, Lars Kai and Kjems, Ulrik and Kustra, Rafal and Sidtis, John and Frutiger, Sally and Muley, Suraj and LaConte, Stephen and Rottenberg, David},
  journal={NeuroImage},
  volume={15},
  pages={747},
  year={2002},
}

@article{strother2014stability,
  title={Stability and Reproducibility in {fMRI} Analysis},
  author={Strother, Stephen C and Rasmussen, Peter M and Churchill, Nathan W and Hansen, Lars Kai},
  journal={Practical Applications of Sparse Modeling},
  pages={99},
  year={2014},
  publisher={MIT Press}
}


@Article{	  schwartzman2009,
  author	= {Schwartzman, A. and Dougherty, R.F. and Lee, J. and
		  Ghahremani, D. and Taylor, J.E.},
  title		= {Empirical null and false discovery rate analysis in
		  neuroimaging},
  journal	= {NeuroImage},
  year		= {2009},
  volume	= {44},
  pages		= {71 - 82},
  number	= {1}
}


@Article{	  schwarz:2009p3092,
  author	= {Adam Schwarz and Alessandro Gozzi and Angelo Bifone},
  journal	= {NeuroImage},
  title		= {Community structure in networks of functional
		  connectivity: Resolving functional organization in the rat
		  brain with pharmacological MRI},
  pages		= {302},
  volume	= {47},
  year		= {2009},
}

@article{schumann2010,
  title={The IMAGEN study: reinforcement-related behaviour in normal brain function and psychopathology},
  author={Schumann, G. and Loth, E. and Banaschewski, T. and others},
  journal={Molecular psychiatry},
  volume={15},
  pages={1128},
  year={2010},
}

@InProceedings{sculley2010,
  title={Web-Scale K-Means Clustering},
  author={Sculley, D.},
  booktitle={Proceedings of the 19th international conference on World wide
	  web},
  pages={1177},
  year={2010},
}

@article{seeley2007,
  title={Dissociable intrinsic connectivity networks for salience processing and executive control},
  author={Seeley, W.W. and Menon, V. and Schatzberg, A.F. and Keller, J. and Glover, G.H. and Kenna, H. and Reiss, A.L. and Greicius, M.D.},
  journal={J neurosci},
  volume={27},
  pages={2349},
  year={2007},
}


@Article{	  seeley2009,
  author	= {Seeley, W.W. and Crawford, R.K. and Zhou, J. and Miller,
		  B.L. and Greicius, M.D.},
  title		= {{Neurodegenerative Diseases Target Large-Scale Human Brain
		  Networks}},
  journal	= {Neuron},
  year		= {2009},
  volume	= {62},
  pages		= {42}
}


@Article{	  shehzad2009,
  author	= {Shehzad, Z. and Kelly, AM and Reiss, P.T. and Gee, D.G.
		  and Gotimer, K. and Uddin, L.Q. and Lee, S.H. and
		  Margulies, D.S. and Roy, A.K. and Biswal, B.B. and others},
  title		= {{The resting brain: unconstrained yet reliable}},
  journal	= {Cerebral Cortex},
  year		= {2009},
  publisher	= {Oxford Univ Press}
}

@article{shirer2012,
  title={Decoding subject-driven cognitive states with whole-brain connectivity patterns},
  author={Shirer, WR and Ryali, S. and Rykhlevskaia, E. and Menon, V. and Greicius, MD},
  journal={Cerebral Cortex},
  volume={22},
  pages={158},
  year={2012},
}

@Article{	  sigg2008,
  title		= {{Expectation-maximization for sparse and non-negative
		  PCA}},
  author	= {Sigg, C.D. and Buhmann, J.M.},
  journal	= {ICML},
  year		= {2008}
}

@InProceedings{	  singh2008,
  author	= {Singh, A. P. and Gordon, G. J.},
  title		= {{A Unified View of Matrix Factorization Models}},
  booktitle	= {Proceedings of the European conference on Machine Learning
		  and Knowledge Discovery in Databases},
  year		= {2008}
}

@Article{	  skovgaard1984,
  author	= {Skovgaard, L.},
  title		= {{A Riemannian geometry of the multivariate normal model}},
  journal	= {Scan. J. Statistics},
  year		= {1984},
  volume	= {11},
  pages		= {211}
}

@Article{	  skudlarski2008,
  author	= {Skudlarski, P. and Jagannathan, K. and Calhoun, V.D. and
		  Hampson, M. and Skudlarska, B.A. and Pearlson, G.},
  title		= {{Measuring brain connectivity: diffusion tensor imaging
		  validates resting state temporal correlations}},
  journal	= {NeuroImage},
  year		= {2008},
  volume	= {43},
  pages		= {554},
}


@Article{	  sled1998,
  author	= {J Sled and A Zijdenbos and A Evans},
  journal	= {IEEE Transactions on Medical Imaging},
  title		= {A nonparametric method for automatic correction of
		  intensity nonuniformity in MRI data},
  pages		= {87},
  volume	= {17},
  year		= {1998},
}

@article{smith2004,
  title={Advances in functional and structural MR image analysis and implementation as FSL},
  author={Smith, Stephen M and Jenkinson, Mark and Woolrich, Mark W and Beckmann, Christian F and Behrens, Timothy EJ and Johansen-Berg, Heidi and Bannister, Peter R and De Luca, Marilena and Drobnjak, Ivana and Flitney, David E and others},
  journal={Neuroimage},
  volume={23},
  pages={S208--S219},
  year={2004},
  publisher={Elsevier}
}

@Article{	  smith2009,
  author	= {Smith, S.M. and Fox, P.T. and Miller, K.L. and Glahn, D.C.
		  and Fox, P.M. and Mackay, C.E. and others},
  title		= {{Correspondence of the brain's functional architecture
		  during activation and rest}},
  journal	= {Proc Natl Acad Sci},
  year		= {2009},
  volume	= {106},
  pages		= {13040}
}

@Article{	  smith2011,
  title		= {Network modelling methods for {fMRI}},
  author	= {Smith, S.M. and Miller, K.L. and Salimi-Khorshidi, G. and
		  Webster, M. and Beckmann, C.F. and Nichols, T.E. and
		  Ramsey, J.D. and Woolrich, M.W.},
  journal	= {Neuroimage},
  volume	= {54},
  pages		= {875},
  year		= {2011}
}

@article{smith2012,
  title={Temporally-independent functional modes of spontaneous brain activity},
  author={Smith, S.M. and Miller, K.L. and Moeller, S. and Xu, J. and Auerbach, E.J. and Woolrich, M.W. and Beckmann, C.F. and Jenkinson, M. and Andersson, J. and Glasser, M.F. and others},
  journal={Proceedings of the National Academy of Sciences},
  volume={109},
  pages={3131},
  year={2012},
}

@article{smith2014,
  title={Group-PCA for very large fMRI datasets.},
  author={Smith, S.M. and Hyvarinen, A. and Varoquaux, G. and Miller, K.L. and
	  Beckmann, C.F.},
  journal={Neuroimage},
  volume={101},
  pages={738},
  year={2014},
}

@Conference{	  smyth2005,
  author	= {White, S and Smyth, P.},
  title		= {{A spectral clustering approach to finding communities in
		  graphs}},
  booktitle	= {5th SIAM international conference on data mining},
  year		= {2005},
  pages		= {274}
}



@Article{	  sorg2007,
  author	= {Sorg, C. and Riedl, V. and M{\"u}hlau, M. and Calhoun,
		  V.D. and Eichele, T. and L{\"a}er, L. and Drzezga, A. and
		  F{\"o}rstl, H. and Kurz, A. and Zimmer, C. and others},
  title		= {{Selective changes of resting-state networks in
		  individuals at risk for Alzheimer's disease}},
  journal	= {Proceedings of the National Academy of Sciences},
  year		= {2007},
  volume	= {104},
  pages		= {18760},
}


@Book{		  spirtes2001,
  title		= {{Causation, prediction, and search}},
  publisher	= {The MIT Press},
  year		= {2001},
  author	= {Spirtes, P. and Glymour, C.N. and Scheines, R.}
}

@Article{	  sporns2000,
  author	= {Sporns, O. and Tononi, G. and Edelman, GM},
  title		= {{Theoretical neuroanatomy: relating anatomical and
		  functional connectivity in graphs and cortical connection
		  matrices}},
  journal	= {Cereb Cortex},
  year		= {2000},
  volume	= {10},
  pages		= {127}
}

@Article{	  sporns2004,
  author	= {Sporns, O. and Chialvo, D.R. and Kaiser, M. and Hilgetag,
		  C.C.},
  title		= {{Organization, development and function of complex brain
		  networks}},
  journal	= {Trends in Cognitive Sciences},
  year		= {2004},
  volume	= {8},
  pages		= {418}
}


@Article{	  sporns2005,
  title		= {{The human connectome: a structural description of the
		  human brain}},
  author	= {Sporns, O. and Tononi, G. and Kotter, R.},
  journal	= {PLoS Comput Biol},
  volume	= {1},
  pages		= {e42},
  year		= {2005}
}

@Article{	  stark2004,
  author	= {A Stark and B Pakkenberg},
  journal	= {Cell and tissue research},
  title		= {Histological changes of the dopaminergic nigrostriatal
		  system in aging},
  pages		= {81},
  volume	= {318},
  year		= {2004},
}

@Article{	  stone2009,
  author	= {Eric Stone and Julien Ayroles},
  journal	= {PLoS Genet},
  title		= {Modulated Modularity Clustering as an Exploratory Tool for
		  Functional Genomic Inference},
  pages		= {e1000479},
  volume	= {5},
  year		= {2009},
}

@InCollection{	  storkey2006,
  author	= {Storkey, A. and Simonotto, E. and Whalley, H. andLawrie,
		  S. and Murray, L. and McGonigle, D..},
  title		= {Learning Structural Equation Models for {fMRI}},
  booktitle	= {NIPS 19},
  year		= {2007},
  editor	= {B. Sch\"{o}lkopf and J. Platt and T. Hoffman},
  pages		= {1329},
}

@inproceedings{szabo2011,
  title={Online group-structured dictionary learning},
  author={Szab{\'o}, Z. and P{\'o}czos, B. and Lorincz, A.},
  booktitle={CVPR},
  pages={2865},
  year={2011},
}


@Article{	  sui2009,
  author	= {Sui, J. and Adali, T. and Pearlson, G.D. and Clark, V.P.
		  and Calhoun, V.D.},
  title		= {{A method for accurate group difference detection by
		  constraining the mixing coefficients in an ICA framework}},
  journal	= {Hum Brain Map},
  year		= {2009},
}


@Conference{	  sun2009,
  author	= {Sun, L. and Patel, R. and Liu, J. and Chen, K. and Wu, T.
		  and Li, J. and Reiman, E. and Ye, J.},
  title		= {{Mining brain region connectivity for {Alzheimer's}
		  disease study via sparse inverse covariance estimation}},
  booktitle	= {Proceedings of the 15th ACM international conference on
		  Knowledge discovery and data mining},
  year		= {2009},
  pages		= {1335}
}


@Article{	  supekar2008,
  author	= {Supekar, K. and Menon, V. and Rubin, D. and Musen, M. and
		  Greicius, M.D.},
  title		= {{Network analysis of intrinsic functional brain
		  connectivity in Alzheimer's disease}},
  journal	= {PLoS Computational Biology},
  year		= {2008},
  volume	= {4},
}


@Article{	  tenenbaum2000,
  author	= {J Tenenbaum and V de Silva and J Langford},
  journal	= {Science},
  title		= {A global geometric framework for nonlinear dimensionality
		  reduction},
  number	= {5500},
  pages		= {2319},
  volume	= {290},
  year		= {2000},
}

@Article{	  thirion2004,
  title		= {Feature characterization in fMRI data: the Information
		  Bottleneck approach},
  author	= {Thirion, B. and Faugeras, O.},
  journal	= {Medical Image Analysis},
  volume	= {8},
  pages		= {403},
  year		= {2004},
}

@Article{	  thirion2006,
  title		= {{Dealing with the shortcomings of spatial normalization:
		  Multi-subject parcellation of {fMRI} datasets}},
  author	= {Thirion, B. and Flandin, G. and Pinel, P. and Roche, A.
		  and Ciuciu, P. and Poline, J.B.},
  journal	= {Hum brain map},
  volume	= {27},
  pages		= {678},
  year		= {2006}
}

@article{thirion2006inverse,
  title={Inverse retinotopy: inferring the visual content of images from brain activation patterns},
  author={Thirion, Bertrand and Duchesnay, Edouard and Hubbard, Edward and Dubois, Jessica and Poline, Jean-Baptiste and Lebihan, Denis and Dehaene, Stanislas},
  journal={Neuroimage},
  volume={33},
  pages={1104},
  year={2006},
}

@article{thirion2007,
  title={Analysis of a large {fMRI} cohort: Statistical and methodological issues for group analyses},
  author={Thirion, B. and Pinel, P. and M{\'e}riaux, S. and Roche, A. and Dehaene, S. and Poline, J.B.},
  journal={Neuroimage},
  volume={35},
  pages={105},
  year={2007},
}

@article{thirion2014,
  title={Which {fMRI} clustering gives good brain parcellations?},
  author={Thirion, Bertrand and Varoquaux, Gael and Dohmatob, Elvis and Poline, J},
  journal={Name: Frontiers in Neuroscience},
  volume={8},
  pages={167},
  year={2014}
}

@Article{	  tibshirani1994,
  author	= {Tibshirani, R},
  title		= {Regression Shrinkage and Selection Via the Lasso},
  journal	= {J. Roy. Stat. Soc. A},
  year		= {1994},
  volume	= {58},
  pages		= {267}
}

@Article{	  tipping1999,
  author	= {Tipping, M.E. and Bishop, C.M.},
  title		= {{Probabilistic principal component analysis}},
  journal	= {J. Roy. Stat. Soc. A},
  year		= {1999},
  pages		= {611},
}

@Article{	  tononi1994,
  author	= {Tononi, G. and Sporns, O. and Edelman, GM},
  title		= {{A measure for brain complexity: relating functional
		  segregation and integration in the nervous system}},
  journal	= {PNAS},
  year		= {1994},
  volume	= {91},
  pages		= {5033}
}


@Article{	  tononi1998,
  title		= {Functional Clustering: Identifying Strongly Interactive
		  Brain Regions in Neuroimaging Data},
  author	= {Tononi, G. and McIntosh, A.R. and Russell, D.P. and
		  Edelman, G.M.},
  journal	= {Neuroimage},
  volume	= {7},
  pages		= {133},
  year		= {1998},
}

@article{tononi1998complexity,
  title={Complexity and coherency: integrating information in the brain},
  author={Tononi, Giulio and Edelman, Gerald M and Sporns, Olaf},
  journal={Trends in cognitive sciences},
  volume={2},
  pages={474},
  year={1998},
}


@Article{	  tononi2004,
  author	= {G Tononi},
  journal	= {BMC neuroscience},
  title		= {An information integration theory of consciousness},
  abstract	= { poses two main problems. The first is understanding the
		  conditions that determine to what extent a system has
		  conscious experience. For instance, why is our generated by
		  certain parts of our brain, such as the thalamocortical
		  system, and not by other parts, },
  volume	= {5},
  year		= {2004},
}

@Article{	  tucholka2008,
  title		= {{Probabilistic anatomo-functional parcellation of the
		  cortex: how many regions?}},
  author	= {Tucholka, A. and Thirion, B. and Perrot, M. and Pinel, P.
		  and Mangin, J.F. and Poline, J.B.},
  journal	= {MICCAI 2008},
  pages		= {399},
  year		= {2008},
}

@article{thyreau2012,
  title={Very large {fMRI} study using the IMAGEN database: Sensitivity--specificity and population effect modeling in relation to the underlying anatomy},
  author={Thyreau, B. and Schwartz, Y. and Thirion, B. and others},
  journal={NeuroImage},
  volume={61},
  pages={295},
  year={2012},
}


@Article{	  tzourio-mazoyer2002a,
  author	= {N. Tzourio-Mazoyer and B. Landeau and D. Papathanassiou
		  and F. Crivello and O. Etard and N. Delcroix and B. Mazoyer
		  and M. Joliot},
  title		= {Automated anatomical labeling of activations in {SPM}
		  using a macroscopic anatomical parcellation of the {MNI}
		  {MRI} single-subject brain.},
  journal	= {Neuroimage},
  year		= {2002},
  volume	= {15},
  pages		= {273},
}


@Article{	  uddin2009,
  author	= {Uddin, L.Q. and Menon, V.},
  title		= {{The anterior insula in autism: Under-connected and
		  under-examined}},
  journal	= {Neuroscience and Biobehavioral Reviews},
  year		= {2009},
  volume	= {33},
  pages		= {1198},
}

@inproceedings{ulfarsson2007,
  title={Sparse variable principal component analysis with application to 
	{fMRI}},
  author={Ulfarsson, M.O. and Solo, V.},
  booktitle={ISBI},
  pages={460},
  year={2007},
}


@Article{	  valdes-sosa2005,
  author	= {Vald\'es-Sosa, A and S\'anchez-Bornot, J and
		  Lage-Castellanos, A and Vega-Hern\'andez, M and
		  Bosch-Bayard, J and Melie-Garc\'ia, L and
		  Canales-Rodr\'iguez, E},
  title		= {Estimating brain functional connectivity with sparse
		  multivariate autoregression.},
  journal	= {Philos Trans R Soc Lond B Biol Sci},
  year		= {2005},
  volume	= {360},
  pages		= {969},
}

@article{vandeven2004,
  title={Functional connectivity as revealed by spatial independent component analysis of {fMRI} measurements during rest},
  author={van de Ven, V.G. and Formisano, E. and Prvulovic, D. and Roeder, C.H. and Linden, D.E.J.},
  journal={Human brain mapping},
  volume={22},
  pages={165},
  year={2004},
}

@Article{	  vanhaudenhuyse2010,
  author	= {Vanhaudenhuyse, A. and Noirhomme, Q. and Tshibanda, L.J.F.
		  and Bruno, M.A. and Boveroux, P. and Schnakers, C. and
		  Soddu, A. and Perlbarg, V. and Ledoux, D. and Brichant,
		  J.F. and others},
  title		= {{Default network connectivity reflects the level of
		  consciousness in non-communicative brain-damaged
		  patients}},
  journal	= {Brain},
  year		= {2010},
  volume	= {133},
  pages		= {161},
}

@article{vandijk2010,
  title={Intrinsic functional connectivity as a tool for human connectomics: theory, properties, and optimization},
  author={Van Dijk, K.R.A. and Hedden, T. and Venkataraman, A. and Evans, K.C. and Lazar, S.W. and Buckner, R.L.},
  journal={J neurophysio},
  volume={103},
  pages={297},
  year={2010},
}

@article{vandijk2012,
  title={The influence of head motion on intrinsic functional connectivity MRI},
  author={Van Dijk, K.R.A. and Sabuncu, M.R. and Buckner, R.L.},
  journal={Neuroimage},
  volume={59},
  pages={431},
  year={2012},
}

@misc{vanoort2012,
    author	= {vanOort, E. and Norris, D. and Smith, S. and
		   Beckmann, C.},
    title	= {Resting state networks are characterized by high
		   frequency BOLD fluctuations},
    howpublished =
{\url{https://ww4.aievolution.com/hbm1201/index.cfm?do=abs.viewAbs&abs=6235}},
    year    = {2012},
    journal = {{OHBM}},
}

@Article{	  varoquaux2010,
  author	= {Varoquaux, G. and Sadaghiani, S. and Pinel, P. and
		  Kleinschmidt, A. and Poline, J. B. and Thirion, B.},
  title		= {{A group model for stable multi-subject {ICA} on {fMRI}
		  datasets}},
  journal	= {NeuroImage},
  year		= {2010},
  volume	= {51},
  pages		= {288}
}

@InCollection{	  varoquaux2010b,
  author	= {Varoquaux, G. and Baronnet, F. and Kleinschmidt, A. and
		  Fillard, P. and Thirion, B.},
  title		= {Detection of brain functional-connectivity difference in
		  post-stroke patients using group-level covariance
		  modeling},
  booktitle	= {MICCAI},
  year		= {2010}
}

@InCollection{	  varoquaux2010c,
  author	= {Varoquaux, G. and Gramfort, A. and Poline, J. B. and
		  Thirion, B.},
  title		= {Brain covariance selection: better individual functional
		  connectivity models using population prior},
  booktitle	= {NIPS},
  year		= {2010}
}


@Conference{	  varoquaux2010d,
  title		= {{{ICA-based} sparse features recovery from {fMRI} datasets}},
  author	= {Varoquaux, G. and Keller, M. and Poline, J.B. and Ciuciu,
		  P. and Thirion, B.},
  booktitle	= {ISBI},
  pages		= {1177},
  year		= {2010}
}


@InProceedings{	  varoquaux2010sspca,
  title		= {Sparse structured dictionary learning for brain
		  resting-state activity modeling},
  author	= {Varoquaux, G. and Jenatton, R. and Gramfort, A. and
		  Obozinski, G. and Thirion, B. and Bach, F.},
  booktitle	= {NIPS Workshop on Practical Applications of Sparse
		  Modeling: Open Issues and New Directions},
  year		= {2010}
}

@InProceedings{	  varoquaux2011,
  author	= {Varoquaux, G. and Gramfort, A. and Pedregosa, F. and
		  Michel, V. and Thirion, B.},
  title		= {{Multi-subject dictionary learning to segment an atlas of
		  brain spontaneous activity}},
  booktitle	= {Inf Proc Med Imag},
  year		= {2011},
  pages		= {562}
}

@article{varoquaux2012icml,
  title={Small-sample brain mapping: sparse recovery on spatially correlated designs with randomization and clustering},
  author={Varoquaux, Ga{\"e}l and Gramfort, Alexandre and Thirion, Bertrand},
  journal   = {ICML},
  year={2012},
  pages={1375}, 
}



@Article{	  varoquaux2012,
  author	= {Varoquaux, Ga{\"e}l and Gramfort, Alexandre and Poline,
		  Jean Baptiste and Thirion, Bertrand},
  title		= {{Markov models for {fMRI} correlation structure: is brain
		  functional connectivity small world, or decomposable into
		  networks?}},
  journal	= {{Journal of Physiology - Paris}},
  pages		= {212},
  volume	= {106},
  year		= {2012}
}

@article{varoquaux2013connectomes,
  title={Learning and comparing functional connectomes across subjects},
  author={Varoquaux, Ga{\"e}l and Craddock, R Cameron},
  journal={NeuroImage},
  volume={80},
  pages={405},
  year={2013},
}

@inproceedings{varoquaux2013cohort,
  title={Cohort-level brain mapping: learning cognitive atoms to single out specialized regions},
  author={Varoquaux, Ga{\"e}l and Schwartz, Yannick and Pinel, Philippe and Thirion, Bertrand},
  booktitle={Information Processing in Medical Imaging},
  pages={438},
  year={2013},
}

@article{varoquaux2014machine,
  title={How machine learning is shaping cognitive neuroimaging},
  author={Varoquaux, Gael and Thirion, Bertrand},
  journal={GigaScience},
  volume={3},
  number={1},
  pages={28},
  year={2014},
  publisher={BioMed Central Ltd}
}

@article{varoquaux2017assessing,
  title={Assessing and tuning brain decoders: cross-validation, caveats, and guidelines},
  author={Varoquaux, Ga{\"e}l and Raamana, Pradeep Reddy and Engemann, Denis A and Hoyos-Idrobo, Andr{\'e}s and Schwartz, Yannick and Thirion, Bertrand},
  journal={NeuroImage},
  volume={145},
  pages={166--179},
  year={2017},
  publisher={Elsevier}
}

@Article{	  vinh2010,
  title		= {Information Theoretic Measures for Clusterings Comparison:
		  Variants, Properties, Normalization and Correction for
		  Chance},
  author	= {Vinh, N.X. and Epps, J. and Bailey, J.},
  journal	= {The Journal of Machine Learning Research},
  volume	= {9999},
  pages		= {2837},
  year		= {2010}
}

@Book{		  von_monakow1914,
  title		= {{Die Lokalisation im Grosshirn und der Abbau der Funktion
		  durch kortikale Herde}},
  author	= {von Monakow, C.},
  year		= {1914},
  publisher	= {JF Bergmann}
}

@Article{	  wainwright2009,
  title		= {{Sharp thresholds for high-dimensional and noisy sparsity
		  recovery using $\ell_1$-constrained quadratic programming}},
  author	= {Wainwright, M.J.},
  journal	= {Trans Inf Theory},
  volume	= {55},
  pages		= {2183},
  year		= {2009}
}

@article{wager2008neural,
  title={Neural mechanisms of emotion regulation: evidence for two independent prefrontal-subcortical pathways},
  author={Wager, Tor D and Davidson, Matthew L and Hughes, Brent L and others},
  journal={Neuron},
  volume={59},
  pages={1037},
  year={2008},
}

@article{wager2013pain,
  title={An {fMRI-based} neurologic signature of physical pain},
  author={Wager, Tor D and Atlas, Lauren Y and Lindquist, Martin A and Roy, Mathieu and Woo, Choong-Wan and Kross, Ethan},
  journal={New England Journal of Medicine},
  volume={368},
  pages={1388},
  year={2013},
}

@Article{	  wang2006,
  author	= {Wang, L. and Zang, Y. and He, Y. and Liang, M. and Zhang,
		  X. and Tian, L. and Wu, T. and Jiang, T. and Li, K.},
  title		= {{Changes in hippocampal connectivity in the early stages
		  of Alzheimer's disease: evidence from resting state fMRI}},
  journal	= {Neuroimage},
  year		= {2006},
  volume	= {31},
  pages		= {496},
}

@Article{	  wang2009,
  author	= {J Wang and L Wang and Y Zang and H Yang and H Tang},
  journal	= {Human Brain Mapping},
  title		= {Parcellation-dependent small-world brain functional
		  networks: A resting-state fMRI study},
  year		= {2009},
  volume	= {30},
  pages		= {1511},
}

@Article{	  ward1963,
  author	= {Ward, Joe H. },
  journal	= {Journal of the American Statistical Association},
  pages		= {236},
  title		= {Hierarchical Grouping to Optimize an Objective Function},
  volume	= {58},
  year		= {1963}
}

@Article{	  warren2009,
  author	= {Warren, J.E. and Crinion, J.T. and Lambon Ralph, M.A. and
		  Wise, R.J.S.},
  title		= {{Anterior temporal lobe connectivity correlates with
		  functional outcome after aphasic stroke}},
  journal	= {Brain},
  year		= {2009},
  volume	= {132},
  pages		= {3428},
}


@Book{		  westfall1993,
  title		= {{Resampling-based multiple testinging: Examples and
		  methods for p-value adjustment}},
  author	= {Westfall, P.H. and Young, S.S.},
  year		= {1993},
  publisher	= {Wiley-Interscience}
}

@Article{	  witten2009,
  author	= {Witten, D. M. and Tibshirani, R. and Hastie, T.},
  title		= {{A penalized matrix decomposition, with applications to
		  sparse principal components and canonical correlation
		  analysis}},
  journal	= {Biostatistics},
  year		= {2009},
  volume	= {10},
  pages		= {515}
}

@article{worsley2002,
  title={A general statistical analysis for {fMRI} data},
  author={Worsley, KJ and Liao, CH and Aston, J. and Petre, V. and Duncan, GH and Morales, F. and Evans, AC},
  journal={NeuroImage},
  volume={15},
  pages={1},
  year={2002},
}

@article{yarkoni2011neurosynth,
  title={Large-scale automated synthesis of human functional neuroimaging data},
  author={Yarkoni, Tal and Poldrack, Russell A and Nichols, Thomas E and Van Essen, David C and Wager, Tor D},
  journal={Nature methods},
  volume={8},
  pages={665},
  year={2011},
}

@Article{	  yamashita2008,
  title		= {Sparse estimation automatically selects voxels relevant
		  for the decoding of f{MRI} activity patterns},
  journal	= {NeuroImage},
  volume	= {42},
  pages		= {1414},
  year		= {2008},
  author	= {Okito Yamashita and Masa-aki Sato and Taku Yoshioka and
		  Frank Tong and Yukiyasu Kamitani}
}


@article{kamitani2005decoding,
  title={Decoding the visual and subjective contents of the human brain},
  author={Kamitani, Yukiyasu and Tong, Frank},
  journal={Nature neuroscience},
  volume={8},
  number={5},
  pages={679},
  year={2005},
}



@article{yamins2014,
  title={Performance-optimized hierarchical models predict neural responses in higher visual cortex},
  author={Yamins, Daniel LK and Hong, Ha and Cadieu, Charles F and Solomon, Ethan A and Seibert, Darren and DiCarlo, James J},
  journal	= {Proc Natl Acad Sci},
  pages={201403112},
  year={2014},
}


@Article{	  yang2009,
  author	= {Jianchao Yang and Kai Yu and Yihong Gong and T. Huang},
  title		= {Linear spatial pyramid matching using sparse coding for
		  image classification},
  journal	= {CVPR},
  year		= {2009},
  pages		= {1794}
}

@Article{	  ye2008,
  author	= {Zhenqing Ye and Songnian Hu and Jun Yu},
  journal	= {Phys. Rev. E},
  title		= {Adaptive clustering algorithm for community detection in
		  complex networks},
  pages		= {046115},
  volume	= {78},
  year		= {2008},
}

@Article{	  yeo2011,
  title		= {The organization of the human cerebral cortex estimated by
		  intrinsic functional connectivity},
  author	= {Yeo, B.T.T. and Krienen, F.M. and Sepulcre, J. and
		  Sabuncu, M.R. and others},
  journal	= {J Neurophysio},
  volume	= {106},
  pages		= {1125},
  year		= {2011}
}

@Article{	  young:2007p3051,
  author	= {P Young and H Trevor},
  journal	= {J. Roy. Stat. Soc. B},
  title		= {An L1-regularization path algorithm for generalized linear
		  models},
  pages		= {659},
  year		= {2007},
}

@Article{	  yuan2006,
  author	= {Yuan, M. and Lin, Y.},
  title		= {{Model selection and estimation in regression with grouped
		  variables}},
  journal	= {J. Roy. Stat. Soc. B},
  year		= {2006},
  volume	= {68},
  pages		= {49}
}

@Article{	  zalesky2010,
  author	= {A Zalesky and A Fornito and E Bullmore},
  journal	= {NeuroImage},
  title		= {Network-based statistic: Identifying differences in brain
		  networks},
  abstract	= {Large-scale functional or structural connectivity can be
		  modeled as a , or graph. This paper presents a approach to
		  connections in such a graph that may be associated with a
		  diagnostic status in case-control studies, changing },
  pages		= {1197},
  volume	= {53},
  year		= {2010},
}

@Article{	  zarei2009,
  author	= {M Zarei and K Samani},
  journal	= {Physica A},
  title		= {Eigenvectors of network complement reveal community
		  structure more accurately},
  pages		= {1721},
  volume	= {388},
  year		= {2009},
}

@Article{	  zhang2008,
  author	= {D Zhang and A Snyder and M Fox and M Sansbury and J
		  Shimony and M Raichle},
  journal	= {J Neurophysio},
  title		= {Intrinsic Functional Relations Between Human Cerebral
		  Cortex and Thalamus},
  pages		= {1740},
  volume	= {100},
  year		= {2008},
}

@Article{	  zhang2009,
  author	= {D Zhang and A Snyder and J Shimony and M Fox and M
		  Raichle},
  journal	= {Cerebral Cortex},
  title		= {Noninvasive Functional and Structural Connectivity Mapping
		  of the Human Thalamocortical System},
  pages		= {1},
  year		= {2009},
}

@Article{	  zhou2009,
  author	= {D Zhou and W Thompson and G Siegle},
  journal	= {NeuroImage},
  title		= {MATLAB toolbox for functional connectivity.},
  year		= {2009},
}

@Article{	  ziyan,
  author	= {Ulas Ziyan and Mert Sabuncu and W Grimson and Carl-Fredrik
		  Westin},
  journal	= {Int J Comput Vis},
  title		= {Consistency Clustering: A Robust Algorithm for Group-wise
		  Registration, Segmentation and Automatic Atlas Construction
		  in Diffusion MRI},
  pages		= {1},
  year		= {2009},
}

@ARTICLE{Dumoulin2008,
  author = {Serge O Dumoulin and Brian A Wandell},
  title = {Population receptive field estimates in human visual cortex.},
  journal = {Neuroimage},
  year = {2008},
  volume = {39},
  pages = {647--660},
  number = {2},
  month = {Jan},
  institution = {Psychology, Stanford University, Stanford, CA 94305, USA. serge.dumoulin@stanford.edu},
  keywords = {Adult; Algorithms; Brain Mapping; Electrophysiology; Female; Functional
	Laterality, physiology; Humans; Image Processing, Computer-Assisted;
	Magnetic Resonance Imaging; Male; Models, Neurological; Neurons,
	physiology; Photic Stimulation; Visual Cortex, cytology/physiology;
	Visual Fields, physiology},
  language = {eng},
  medline-pst = {ppublish},
  owner = {bertrand},
  pii = {S1053-8119(07)00826-9},
  pmid = {17977024},
  timestamp = {2014.07.13},
}

@book{hastie2009elements,
  title={The elements of statistical learning},
  author={Hastie, Trevor and Tibshirani, Robert and Friedman, Jerome},
  year={2009},
  publisher={Springer}
}


@ARTICLE{Haufe2014,
  author = {Stefan Haufe and Frank Meinecke and Kai Görgen and Sven Dähne and
	John-Dylan Haynes and Benjamin Blankertz and Felix Bießmann},
  title = {On the interpretation of weight vectors of linear models in multivariate
	neuroimaging.},
  journal = {Neuroimage},
  year = {2014},
  volume = {87},
  pages = {96--110},
  month = {Feb},
  institution = {Korea University, Seoul, Republic of Korea; Fachgebiet Maschinelles
	Lernen, Technische Universität Berlin, Germany. Electronic address:
	felix.biessmann@tu-berlin.de.},
  language = {eng},
  medline-pst = {ppublish},
  owner = {bertrand},
  pii = {S1053-8119(13)01091-4},
  pmid = {24239590},
  timestamp = {2014.07.13},
}

@article{Raamana2014ThickNetFusion_NBA,
title = "Thickness network features for prognostic applications in dementia ",
journal = "Neurobiology of Aging ",
volume = "36, Supplement 1",
number = "0",
pages = "S91 - S102",
year = "2015",
issn = "0197-4580",
author = "Pradeep Reddy Raamana and Michael W. Weiner and Lei Wang and Mirza Faisal Beg",
}

@book{Bishop2006PRML,
	Author = {Bishop, Christopher M and others},
	Publisher = {springer New York},
	Title = {Pattern recognition and machine learning},
	Volume = {1},
	Year = {2006}}
