%% Created using Papers on Wed, 25 Sep 2013.
%% http://papersapp.com/papers/

@article{miller,
author = {Miller Karla},
title = {Multimodal population brain imaging in the UK Biobank prospective
	epidemiological study},
journal = {Nature Neuroscience},
year = {2016},
}


@article{abraham,
author = {Alexandre Abraham},
title = {Deriving reproducible biomarkers from multi-site resting-state data:
	An Autism-based example},
journal = {Neuroimage},
year = {2016},
}

@article{arthur,
author = {Arthur Mensch},
title = {Compressed online dictionary learning for fast resting-state fMRI
	decomposition},
journal = {ISBI},
year = {2016},
}

@article{varoquaux,
author = {Gael Varoquaux},
title = {Detection of brain functional-connectivity difference
	in post-stroke patients using group-level covariance modeling},
journal = {MICCAI},
year = {2010},
}
